2017/03/01__10:56:27:049,653152464,2017/03/01__10:56:27,1196.41,4.0,sell,2017/03/01__10:56:27,null
2017/03/01__10:56:49:042,653152903,2017/03/01__10:56:48,1196.41,12.0,buy,2017/03/01__10:56:48,null
2017/03/01__10:57:19:822,653153499,2017/03/01__10:57:19,1196.42,10.0,sell,2017/03/01__10:57:19,null
2017/03/01__10:57:25:250,653153590,2017/03/01__10:57:24,1196.28,4.0,sell,2017/03/01__10:57:24,null
2017/03/01__10:57:27:359,653153632,2017/03/01__10:57:26,1196.28,16.0,sell,2017/03/01__10:57:26,null
2017/03/01__10:57:32:211,653153756,2017/03/01__10:57:32,1196.28,2.0,sell,2017/03/01__10:57:32,null
2017/03/01__10:57:47:888,653154019,2017/03/01__10:57:47,1196.46,16.0,sell,2017/03/01__10:57:47,null
2017/03/01__10:57:58:139,653154215,2017/03/01__10:57:57,1196.31,6.0,sell,2017/03/01__10:57:57,null
2017/03/01__10:58:07:190,653154400,2017/03/01__10:58:07,1196.3,2.0,sell,2017/03/01__10:58:07,null
2017/03/01__10:58:26:496,653154821,2017/03/01__10:58:26,1196.5,2.0,sell,2017/03/01__10:58:26,null
2017/03/01__10:58:28:605,653154863,2017/03/01__10:58:28,1196.4,6.0,buy,2017/03/01__10:58:28,null
2017/03/01__10:58:50:040,653155284,2017/03/01__10:58:49,1196.3,4.0,sell,2017/03/01__10:58:49,null
2017/03/01__10:58:50:040,653155309,2017/03/01__10:58:50,1196.3,94.0,sell,2017/03/01__10:58:50,null
2017/03/01__10:58:58:210,653155521,2017/03/01__10:58:58,1195.13,356.0,sell,2017/03/01__10:58:58,null
2017/03/01__10:58:59:410,653155540,2017/03/01__10:58:58,1196.3,20.0,buy,2017/03/01__10:58:58,null
2017/03/01__10:59:02:419,653155628,2017/03/01__10:59:01,1195.73,14.0,buy,2017/03/01__10:59:01,null
2017/03/01__10:59:19:903,653156108,2017/03/01__10:59:19,1196.13,24.0,buy,2017/03/01__10:59:19,null
2017/03/01__10:59:21:711,653156166,2017/03/01__10:59:21,1195.12,736.0,sell,2017/03/01__10:59:21,null
2017/03/01__10:59:23:827,653156214,2017/03/01__10:59:23,1195.28,2.0,sell,2017/03/01__10:59:23,null
2017/03/01__10:59:27:743,653156326,2017/03/01__10:59:28,1195.12,3890.0,sell,2017/03/01__10:59:28,null
2017/03/01__10:59:29:248,653156354,2017/03/01__10:59:28,1196.07,6.0,buy,2017/03/01__10:59:28,null
2017/03/01__10:59:30:174,653156413,2017/03/01__10:59:30,1196.06,4.0,buy,2017/03/01__10:59:30,null
2017/03/01__10:59:32:267,653156465,2017/03/01__10:59:31,1194.99,4.0,buy,2017/03/01__10:59:31,null
2017/03/01__10:59:32:267,653156473,2017/03/01__10:59:32,1194.83,40.0,sell,2017/03/01__10:59:32,null
2017/03/01__10:59:33:261,653156517,2017/03/01__10:59:33,1194.83,4.0,buy,2017/03/01__10:59:33,null
2017/03/01__10:59:34:106,653156526,2017/03/01__10:59:33,1194.99,2.0,buy,2017/03/01__10:59:33,null
2017/03/01__10:59:35:279,653156576,2017/03/01__10:59:35,1194.84,2.0,buy,2017/03/01__10:59:35,null
2017/03/01__10:59:37:390,653156618,2017/03/01__10:59:36,1194.7,6.0,sell,2017/03/01__10:59:36,null
2017/03/01__10:59:37:390,653156655,2017/03/01__10:59:37,1194.7,56.0,buy,2017/03/01__10:59:37,null
2017/03/01__10:59:38:295,653156659,2017/03/01__10:59:37,1194.7,2.0,buy,2017/03/01__10:59:37,null
2017/03/01__10:59:42:513,653156790,2017/03/01__10:59:41,1194.7,18.0,buy,2017/03/01__10:59:41,null
2017/03/01__11:00:12:368,653157422,2017/03/01__11:00:12,1194.68,16.0,sell,2017/03/01__11:00:12,null
2017/03/01__11:00:13:285,653157444,2017/03/01__11:00:13,1194.68,4.0,sell,2017/03/01__11:00:13,null
2017/03/01__11:00:14:493,653157511,2017/03/01__11:00:14,1193.52,778.0,sell,2017/03/01__11:00:14,null
2017/03/01__11:01:05:176,653158753,2017/03/01__11:01:04,1194.51,10.0,buy,2017/03/01__11:01:04,null
2017/03/01__11:01:08:189,653158818,2017/03/01__11:01:07,1194.0,100.0,sell,2017/03/01__11:01:07,null
2017/03/01__11:01:16:331,653159026,2017/03/01__11:01:15,1194.0,18.0,sell,2017/03/01__11:01:15,null
2017/03/01__11:01:18:439,653159082,2017/03/01__11:01:18,1194.51,52.0,buy,2017/03/01__11:01:18,null
2017/03/01__11:01:19:979,653159131,2017/03/01__11:01:19,1194.48,18.0,sell,2017/03/01__11:01:19,null
2017/03/01__11:01:29:317,653159335,2017/03/01__11:01:29,1194.48,2.0,sell,2017/03/01__11:01:29,null
2017/03/01__11:01:31:754,653159372,2017/03/01__11:01:31,1194.5,18.0,buy,2017/03/01__11:01:31,null
2017/03/01__11:01:38:985,653159549,2017/03/01__11:01:37,1194.51,4.0,buy,2017/03/01__11:01:37,null
2017/03/01__11:01:42:001,653159649,2017/03/01__11:01:41,1193.76,52.0,buy,2017/03/01__11:01:41,null
2017/03/01__11:01:43:205,653159676,2017/03/01__11:01:42,1193.76,6.0,buy,2017/03/01__11:01:42,null
2017/03/01__11:01:44:112,653159697,2017/03/01__11:01:43,1194.5,2.0,buy,2017/03/01__11:01:43,null
2017/03/01__11:01:52:274,653159911,2017/03/01__11:01:51,1194.43,8.0,sell,2017/03/01__11:01:51,null
2017/03/01__11:01:54:393,653159955,2017/03/01__11:01:53,1194.46,2.0,buy,2017/03/01__11:01:53,null
2017/03/01__11:01:55:290,653159980,2017/03/01__11:01:54,1194.43,6.0,sell,2017/03/01__11:01:54,null
2017/03/01__11:01:57:402,653160039,2017/03/01__11:01:56,1194.46,18.0,buy,2017/03/01__11:01:56,null
2017/03/01__11:02:07:391,653160314,2017/03/01__11:02:06,1193.75,2.0,sell,2017/03/01__11:02:06,null
2017/03/01__11:02:07:391,653160334,2017/03/01__11:02:07,1193.74,2.0,sell,2017/03/01__11:02:07,null
2017/03/01__11:02:08:898,653160365,2017/03/01__11:02:07,1193.74,16.0,buy,2017/03/01__11:02:07,null
2017/03/01__11:02:17:642,653160600,2017/03/01__11:02:17,1194.38,4.0,buy,2017/03/01__11:02:17,null
2017/03/01__11:02:19:158,653160644,2017/03/01__11:02:17,1194.39,2.0,buy,2017/03/01__11:02:17,null
2017/03/01__11:02:19:158,653160668,2017/03/01__11:02:18,1194.39,6.0,buy,2017/03/01__11:02:18,null
2017/03/01__11:02:20:961,653160716,2017/03/01__11:02:20,1194.38,2.0,buy,2017/03/01__11:02:20,null
2017/03/01__11:02:21:868,653160730,2017/03/01__11:02:21,1194.39,2.0,buy,2017/03/01__11:02:21,null
2017/03/01__11:02:23:072,653160769,2017/03/01__11:02:22,1194.39,2.0,buy,2017/03/01__11:02:22,null
2017/03/01__11:02:26:089,653160881,2017/03/01__11:02:25,1194.39,6.0,buy,2017/03/01__11:02:25,null
2017/03/01__11:02:27:904,653160934,2017/03/01__11:02:27,1194.38,2.0,buy,2017/03/01__11:02:27,null
2017/03/01__11:02:30:348,653160991,2017/03/01__11:02:29,1194.39,2.0,buy,2017/03/01__11:02:29,null
2017/03/01__11:02:31:243,653161016,2017/03/01__11:02:30,1194.05,6.0,buy,2017/03/01__11:02:30,null
2017/03/01__11:02:41:494,653161255,2017/03/01__11:02:41,1194.39,16.0,buy,2017/03/01__11:02:41,null
2017/03/01__11:02:47:827,653161394,2017/03/01__11:02:47,1194.4,12.0,buy,2017/03/01__11:02:47,null
2017/03/01__11:02:54:801,653161563,2017/03/01__11:02:54,1194.15,4.0,sell,2017/03/01__11:02:54,null
2017/03/01__11:03:14:410,653161980,2017/03/01__11:03:13,1193.81,96.0,sell,2017/03/01__11:03:13,null
2017/03/01__11:03:18:624,653162079,2017/03/01__11:03:17,1194.45,106.0,buy,2017/03/01__11:03:17,null
2017/03/01__11:03:30:683,653162311,2017/03/01__11:03:30,1194.47,106.0,buy,2017/03/01__11:03:30,null
2017/03/01__11:03:32:793,653162346,2017/03/01__11:03:31,1194.16,12.0,buy,2017/03/01__11:03:31,null
2017/03/01__11:03:32:793,653162355,2017/03/01__11:03:32,1194.5,92.0,buy,2017/03/01__11:03:32,null
2017/03/01__11:03:40:029,653162502,2017/03/01__11:03:39,1194.5,34.0,buy,2017/03/01__11:03:39,null
2017/03/01__11:03:52:440,653162768,2017/03/01__11:03:52,1194.15,8.0,sell,2017/03/01__11:03:52,null
2017/03/01__11:04:00:574,653162904,2017/03/01__11:03:59,1194.45,6.0,buy,2017/03/01__11:03:59,null
2017/03/01__11:04:07:507,653163067,2017/03/01__11:04:07,1193.83,80.0,sell,2017/03/01__11:04:07,null
2017/03/01__11:04:17:760,653163243,2017/03/01__11:04:16,1194.49,106.0,buy,2017/03/01__11:04:16,null
2017/03/01__11:04:19:568,653163295,2017/03/01__11:04:19,1194.16,12.0,sell,2017/03/01__11:04:19,null
2017/03/01__11:04:21:679,653163339,2017/03/01__11:04:21,1193.8,124.0,sell,2017/03/01__11:04:21,null
2017/03/01__11:04:46:125,653163905,2017/03/01__11:04:45,1194.09,10.0,buy,2017/03/01__11:04:45,null
2017/03/01__11:04:50:349,653163983,2017/03/01__11:04:49,1194.1,2.0,sell,2017/03/01__11:04:49,null
2017/03/01__11:05:13:877,653164562,2017/03/01__11:05:13,1194.35,6.0,buy,2017/03/01__11:05:13,null
2017/03/01__11:05:25:963,653164792,2017/03/01__11:05:25,1194.39,14.0,buy,2017/03/01__11:05:25,null
2017/03/01__11:05:39:537,653165062,2017/03/01__11:05:39,1194.2,10.0,sell,2017/03/01__11:05:39,null
2017/03/01__11:05:40:443,653165082,2017/03/01__11:05:39,1194.39,2.0,buy,2017/03/01__11:05:39,null
2017/03/01__11:05:43:462,653165140,2017/03/01__11:05:42,1193.75,120.0,sell,2017/03/01__11:05:42,null
2017/03/01__11:05:58:863,653165471,2017/03/01__11:05:57,1193.73,6.0,sell,2017/03/01__11:05:57,null
2017/03/01__11:06:03:691,653165600,2017/03/01__11:06:03,1193.95,6.0,buy,2017/03/01__11:06:03,null
2017/03/01__11:06:06:103,653165653,2017/03/01__11:06:05,1194.22,2.0,buy,2017/03/01__11:06:05,null
2017/03/01__11:06:07:009,653165686,2017/03/01__11:06:06,1194.22,6.0,buy,2017/03/01__11:06:06,null
2017/03/01__11:06:07:914,653165711,2017/03/01__11:06:07,1193.75,4.0,sell,2017/03/01__11:06:07,null
2017/03/01__11:06:09:121,653165728,2017/03/01__11:06:08,1194.19,2.0,buy,2017/03/01__11:06:08,null
2017/03/01__11:06:10:025,653165762,2017/03/01__11:06:09,1194.2,2.0,buy,2017/03/01__11:06:09,null
2017/03/01__11:06:10:931,653165772,2017/03/01__11:06:10,1194.2,2.0,buy,2017/03/01__11:06:10,null
2017/03/01__11:06:11:834,653165833,2017/03/01__11:06:11,1194.2,4.0,buy,2017/03/01__11:06:11,null
2017/03/01__11:06:18:176,653165950,2017/03/01__11:06:17,1193.75,70.0,sell,2017/03/01__11:06:17,null
2017/03/01__11:06:20:286,653166015,2017/03/01__11:06:19,1194.18,6.0,buy,2017/03/01__11:06:19,null
2017/03/01__11:06:28:419,653166209,2017/03/01__11:06:28,1193.69,64.0,sell,2017/03/01__11:06:28,null
2017/03/01__11:06:34:463,653166329,2017/03/01__11:06:34,1193.69,268.0,sell,2017/03/01__11:06:34,null
2017/03/01__11:06:49:839,653166639,2017/03/01__11:06:49,1193.85,8.0,sell,2017/03/01__11:06:49,null
2017/03/01__11:06:51:646,653166669,2017/03/01__11:06:51,1193.99,42.0,buy,2017/03/01__11:06:51,null
2017/03/01__11:06:52:854,653166695,2017/03/01__11:06:51,1193.72,16.0,sell,2017/03/01__11:06:51,null
2017/03/01__11:06:52:854,653166717,2017/03/01__11:06:52,1193.95,2.0,buy,2017/03/01__11:06:52,null
2017/03/01__11:06:54:696,653166772,2017/03/01__11:06:54,1193.95,4.0,buy,2017/03/01__11:06:54,null
2017/03/01__11:06:56:788,653166817,2017/03/01__11:06:56,1193.99,4.0,buy,2017/03/01__11:06:56,null
2017/03/01__11:06:58:888,653166868,2017/03/01__11:06:58,1193.9,2.0,buy,2017/03/01__11:06:58,null
2017/03/01__11:07:00:999,653166912,2017/03/01__11:07:00,1193.9,4.0,buy,2017/03/01__11:07:00,null
2017/03/01__11:07:01:901,653166934,2017/03/01__11:07:01,1193.68,6.0,sell,2017/03/01__11:07:01,null
2017/03/01__11:07:02:811,653166973,2017/03/01__11:07:02,1193.9,4.0,buy,2017/03/01__11:07:02,null
2017/03/01__11:07:04:012,653166999,2017/03/01__11:07:03,1193.9,2.0,buy,2017/03/01__11:07:03,null
2017/03/01__11:07:04:916,653167016,2017/03/01__11:07:04,1193.9,2.0,buy,2017/03/01__11:07:04,null
2017/03/01__11:07:05:821,653167040,2017/03/01__11:07:05,1193.95,2.0,buy,2017/03/01__11:07:05,null
2017/03/01__11:07:08:241,653167085,2017/03/01__11:07:08,1193.95,2.0,buy,2017/03/01__11:07:08,null
2017/03/01__11:07:10:043,653167112,2017/03/01__11:07:09,1193.99,44.0,buy,2017/03/01__11:07:09,null
2017/03/01__11:07:11:250,653167159,2017/03/01__11:07:11,1193.67,16.0,sell,2017/03/01__11:07:11,null
2017/03/01__11:07:12:386,653167179,2017/03/01__11:07:11,1193.85,12.0,buy,2017/03/01__11:07:11,null
2017/03/01__11:07:22:356,653167396,2017/03/01__11:07:22,1193.68,24.0,sell,2017/03/01__11:07:22,null
2017/03/01__11:07:23:561,653167414,2017/03/01__11:07:22,1193.95,76.0,buy,2017/03/01__11:07:22,null
2017/03/01__11:07:26:274,653167487,2017/03/01__11:07:26,1193.84,12.0,sell,2017/03/01__11:07:26,null
2017/03/01__11:07:50:090,653167982,2017/03/01__11:07:49,1193.81,138.0,sell,2017/03/01__11:07:49,null
2017/03/01__11:07:51:898,653168022,2017/03/01__11:07:51,1193.95,10.0,buy,2017/03/01__11:07:51,null
2017/03/01__11:07:53:105,653168045,2017/03/01__11:07:52,1193.88,10.0,sell,2017/03/01__11:07:52,null
2017/03/01__11:07:57:325,653168137,2017/03/01__11:07:56,1193.84,20.0,buy,2017/03/01__11:07:56,null
2017/03/01__11:07:58:230,653168164,2017/03/01__11:07:57,1193.82,24.0,sell,2017/03/01__11:07:57,null
2017/03/01__11:07:58:230,653168169,2017/03/01__11:07:58,1193.84,2.0,buy,2017/03/01__11:07:58,null
2017/03/01__11:08:01:245,653168229,2017/03/01__11:08:01,1193.99,30.0,buy,2017/03/01__11:08:01,null
2017/03/01__11:08:05:465,653168301,2017/03/01__11:08:04,1194.0,20.0,sell,2017/03/01__11:08:04,null
2017/03/01__11:08:05:465,653168333,2017/03/01__11:08:05,1194.0,240.0,sell,2017/03/01__11:08:05,null
2017/03/01__11:08:06:369,653168346,2017/03/01__11:08:05,1194.0,20.0,buy,2017/03/01__11:08:05,null
2017/03/01__11:08:08:479,653168395,2017/03/01__11:08:08,1194.05,2.0,sell,2017/03/01__11:08:08,null
2017/03/01__11:08:11:494,653168458,2017/03/01__11:08:10,1194.28,14.0,sell,2017/03/01__11:08:10,null
2017/03/01__11:08:13:609,653168504,2017/03/01__11:08:12,1194.53,324.0,buy,2017/03/01__11:08:12,null
2017/03/01__11:08:15:718,653168547,2017/03/01__11:08:14,1194.53,106.0,buy,2017/03/01__11:08:14,null
2017/03/01__11:08:20:550,653168665,2017/03/01__11:08:20,1194.62,268.0,buy,2017/03/01__11:08:20,null
2017/03/01__11:08:21:757,653168688,2017/03/01__11:08:20,1194.5,20.0,buy,2017/03/01__11:08:20,null
2017/03/01__11:08:41:989,653169176,2017/03/01__11:08:41,1194.66,10.0,sell,2017/03/01__11:08:41,null
2017/03/01__11:08:49:228,653169342,2017/03/01__11:08:48,1194.85,14.0,buy,2017/03/01__11:08:48,null
2017/03/01__11:08:49:228,653169346,2017/03/01__11:08:49,1194.85,4.0,buy,2017/03/01__11:08:49,null
2017/03/01__11:08:50:132,653169372,2017/03/01__11:08:49,1194.85,34.0,buy,2017/03/01__11:08:49,null
2017/03/01__11:08:50:132,653169383,2017/03/01__11:08:50,1195.0,10.0,buy,2017/03/01__11:08:50,null
2017/03/01__11:08:51:339,653169413,2017/03/01__11:08:50,1195.0,4.0,buy,2017/03/01__11:08:50,null
2017/03/01__11:08:51:339,653169425,2017/03/01__11:08:51,1195.0,6.0,buy,2017/03/01__11:08:51,null
2017/03/01__11:08:52:260,653169461,2017/03/01__11:08:51,1195.0,4.0,buy,2017/03/01__11:08:51,null
2017/03/01__11:08:53:150,653169476,2017/03/01__11:08:52,1195.0,6.0,buy,2017/03/01__11:08:52,null
2017/03/01__11:08:53:150,653169493,2017/03/01__11:08:53,1195.0,2.0,buy,2017/03/01__11:08:53,null
2017/03/01__11:08:54:354,653169521,2017/03/01__11:08:53,1195.0,4.0,buy,2017/03/01__11:08:53,null
2017/03/01__11:08:55:561,653169558,2017/03/01__11:08:55,1195.0,4.0,buy,2017/03/01__11:08:55,null
2017/03/01__11:08:57:376,653169594,2017/03/01__11:08:56,1195.0,4.0,buy,2017/03/01__11:08:56,null
2017/03/01__11:09:02:503,653169761,2017/03/01__11:09:01,1195.0,46.0,buy,2017/03/01__11:09:01,null
2017/03/01__11:09:04:310,653169825,2017/03/01__11:09:04,1194.81,8.0,buy,2017/03/01__11:09:04,null
2017/03/01__11:09:29:039,653170389,2017/03/01__11:09:28,1194.79,14.0,buy,2017/03/01__11:09:28,null
2017/03/01__11:09:56:501,653171025,2017/03/01__11:09:55,1194.81,26.0,sell,2017/03/01__11:09:55,null
2017/03/01__11:10:02:833,653171142,2017/03/01__11:10:02,1194.56,16.0,sell,2017/03/01__11:10:02,null
2017/03/01__11:10:03:739,653171189,2017/03/01__11:10:03,1194.0,284.0,buy,2017/03/01__11:10:03,null
2017/03/01__11:10:04:985,653171233,2017/03/01__11:10:04,1194.0,310.0,buy,2017/03/01__11:10:04,null
2017/03/01__11:10:05:851,653171258,2017/03/01__11:10:05,1194.0,6.0,buy,2017/03/01__11:10:05,null
2017/03/01__11:10:09:768,653171388,2017/03/01__11:10:09,1194.9,10.0,sell,2017/03/01__11:10:09,null
2017/03/01__11:10:13:085,653171471,2017/03/01__11:10:12,1194.9,40.0,sell,2017/03/01__11:10:12,null
2017/03/01__11:10:17:039,653171564,2017/03/01__11:10:16,1194.81,6.0,sell,2017/03/01__11:10:16,null
2017/03/01__11:10:18:816,653171604,2017/03/01__11:10:18,1194.8,4.0,sell,2017/03/01__11:10:18,null
2017/03/01__11:10:21:240,653171644,2017/03/01__11:10:20,1194.7,6.0,sell,2017/03/01__11:10:20,null
2017/03/01__11:10:31:193,653171871,2017/03/01__11:10:30,1194.83,100.0,sell,2017/03/01__11:10:30,null
2017/03/01__11:10:37:542,653172027,2017/03/01__11:10:36,1195.0,74.0,buy,2017/03/01__11:10:36,null
2017/03/01__11:10:46:585,653172279,2017/03/01__11:10:46,1194.16,50.0,sell,2017/03/01__11:10:46,null
2017/03/01__11:11:05:287,653172650,2017/03/01__11:11:05,1194.54,14.0,sell,2017/03/01__11:11:05,null
2017/03/01__11:11:19:770,653172980,2017/03/01__11:11:19,1194.1,66.0,buy,2017/03/01__11:11:19,null
2017/03/01__11:11:20:672,653172991,2017/03/01__11:11:20,1194.1,22.0,buy,2017/03/01__11:11:20,null
2017/03/01__11:11:23:990,653173075,2017/03/01__11:11:23,1194.0,20.0,buy,2017/03/01__11:11:23,null
2017/03/01__11:11:27:910,653173170,2017/03/01__11:11:27,1193.82,1042.0,sell,2017/03/01__11:11:27,null
2017/03/01__11:11:33:055,653173300,2017/03/01__11:11:32,1194.49,6.0,buy,2017/03/01__11:11:32,null
2017/03/01__11:11:36:370,653173368,2017/03/01__11:11:35,1194.07,54.0,sell,2017/03/01__11:11:35,null
2017/03/01__11:12:08:028,653174067,2017/03/01__11:12:07,1193.85,2.0,sell,2017/03/01__11:12:07,null
2017/03/01__11:12:12:248,653174155,2017/03/01__11:12:11,1194.84,4.0,buy,2017/03/01__11:12:11,null
2017/03/01__11:12:20:392,653174333,2017/03/01__11:12:20,1194.8,8.0,buy,2017/03/01__11:12:20,null
2017/03/01__11:12:26:729,653174449,2017/03/01__11:12:25,1194.31,10.0,buy,2017/03/01__11:12:25,null
2017/03/01__11:12:34:917,653174656,2017/03/01__11:12:33,1193.89,1060.0,sell,2017/03/01__11:12:33,null
2017/03/01__11:13:04:155,653175301,2017/03/01__11:13:03,1194.0,90.0,sell,2017/03/01__11:13:03,null
2017/03/01__11:13:05:662,653175358,2017/03/01__11:13:05,1194.27,6.0,buy,2017/03/01__11:13:05,null
2017/03/01__11:13:50:957,653176240,2017/03/01__11:13:50,1194.38,14.0,buy,2017/03/01__11:13:50,null
2017/03/01__11:13:52:162,653176267,2017/03/01__11:13:50,1193.67,130.0,sell,2017/03/01__11:13:50,null
2017/03/01__11:13:52:162,653176303,2017/03/01__11:13:51,1193.66,56.0,buy,2017/03/01__11:13:51,null
2017/03/01__11:13:53:061,653176335,2017/03/01__11:13:52,1193.65,14.0,buy,2017/03/01__11:13:52,null
2017/03/01__11:13:55:169,653176394,2017/03/01__11:13:54,1193.65,4.0,buy,2017/03/01__11:13:54,null
2017/03/01__11:13:57:003,653176448,2017/03/01__11:13:56,1193.65,4.0,buy,2017/03/01__11:13:56,null
2017/03/01__11:13:59:094,653176507,2017/03/01__11:13:58,1193.65,4.0,buy,2017/03/01__11:13:58,null
2017/03/01__11:14:01:202,653176564,2017/03/01__11:14:00,1193.66,206.0,buy,2017/03/01__11:14:00,null
2017/03/01__11:14:02:408,653176597,2017/03/01__11:14:01,1193.66,52.0,buy,2017/03/01__11:14:01,null
2017/03/01__11:14:03:313,653176632,2017/03/01__11:14:02,1193.66,66.0,buy,2017/03/01__11:14:02,null
2017/03/01__11:14:03:313,653176644,2017/03/01__11:14:03,1193.66,20.0,buy,2017/03/01__11:14:03,null
2017/03/01__11:14:04:215,653176661,2017/03/01__11:14:03,1193.66,128.0,buy,2017/03/01__11:14:03,null
2017/03/01__11:14:05:121,653176687,2017/03/01__11:14:04,1193.66,26.0,buy,2017/03/01__11:14:04,null
2017/03/01__11:14:09:345,653176793,2017/03/01__11:14:08,1193.67,2.0,sell,2017/03/01__11:14:08,null
2017/03/01__11:14:13:566,653176891,2017/03/01__11:14:12,1194.01,6.0,sell,2017/03/01__11:14:12,null
2017/03/01__11:14:31:961,653177363,2017/03/01__11:14:30,1193.77,10.0,sell,2017/03/01__11:14:30,null
2017/03/01__11:14:36:782,653177502,2017/03/01__11:14:36,1194.23,190.0,buy,2017/03/01__11:14:36,null
2017/03/01__11:14:48:843,653177774,2017/03/01__11:14:48,1194.22,124.0,buy,2017/03/01__11:14:48,null
2017/03/01__11:14:52:456,653177870,2017/03/01__11:14:51,1194.22,6.0,sell,2017/03/01__11:14:51,null
2017/03/01__11:14:53:359,653177906,2017/03/01__11:14:53,1194.24,42.0,buy,2017/03/01__11:14:53,null
2017/03/01__11:15:09:969,653178285,2017/03/01__11:15:09,1193.81,8.0,sell,2017/03/01__11:15:09,null
2017/03/01__11:15:43:716,653179068,2017/03/01__11:15:43,1194.05,10.0,sell,2017/03/01__11:15:43,null
2017/03/01__11:16:14:156,653179759,2017/03/01__11:16:14,1193.84,18.0,sell,2017/03/01__11:16:14,null
2017/03/01__11:16:26:520,653179984,2017/03/01__11:16:25,1194.08,6.0,sell,2017/03/01__11:16:25,null
2017/03/01__11:16:33:753,653180158,2017/03/01__11:16:33,1193.81,24.0,sell,2017/03/01__11:16:33,null
2017/03/01__11:16:47:026,653180468,2017/03/01__11:16:46,1193.6,140.0,sell,2017/03/01__11:16:46,null
2017/03/01__11:16:47:941,653180478,2017/03/01__11:16:47,1193.6,80.0,sell,2017/03/01__11:16:47,null
2017/03/01__11:16:51:864,653180571,2017/03/01__11:16:51,1193.61,2.0,sell,2017/03/01__11:16:51,null
2017/03/01__11:17:00:300,653180745,2017/03/01__11:16:59,1193.81,2.0,buy,2017/03/01__11:16:59,null
2017/03/01__11:17:01:223,653180762,2017/03/01__11:17:00,1193.81,2.0,buy,2017/03/01__11:17:00,null
2017/03/01__11:17:02:109,653180807,2017/03/01__11:17:01,1193.81,120.0,buy,2017/03/01__11:17:01,null
2017/03/01__11:17:03:322,653180831,2017/03/01__11:17:02,1193.8,2.0,buy,2017/03/01__11:17:02,null
2017/03/01__11:17:03:322,653180845,2017/03/01__11:17:03,1193.6,46.0,sell,2017/03/01__11:17:03,null
2017/03/01__11:17:04:219,653180856,2017/03/01__11:17:03,1193.81,2.0,buy,2017/03/01__11:17:03,null
2017/03/01__11:17:05:124,653180901,2017/03/01__11:17:04,1193.6,100.0,sell,2017/03/01__11:17:04,null
2017/03/01__11:17:06:028,653180942,2017/03/01__11:17:06,1193.6,488.0,sell,2017/03/01__11:17:06,null
2017/03/01__11:17:07:536,653180949,2017/03/01__11:17:06,1193.52,2.0,buy,2017/03/01__11:17:06,null
2017/03/01__11:17:08:439,653180989,2017/03/01__11:17:08,1193.52,2.0,buy,2017/03/01__11:17:08,null
2017/03/01__11:17:09:646,653180992,2017/03/01__11:17:08,1193.52,2.0,buy,2017/03/01__11:17:08,null
2017/03/01__11:17:10:851,653181041,2017/03/01__11:17:10,1193.81,4.0,buy,2017/03/01__11:17:10,null
2017/03/01__11:17:11:756,653181067,2017/03/01__11:17:11,1193.79,2.0,buy,2017/03/01__11:17:11,null
2017/03/01__11:17:12:661,653181124,2017/03/01__11:17:12,1193.0,1806.0,sell,2017/03/01__11:17:12,null
2017/03/01__11:17:18:087,653181254,2017/03/01__11:17:17,1193.0,484.0,sell,2017/03/01__11:17:17,null
2017/03/01__11:17:22:916,653181428,2017/03/01__11:17:22,1193.38,2256.0,buy,2017/03/01__11:17:22,null
2017/03/01__11:17:25:033,653181503,2017/03/01__11:17:24,1193.36,4.0,buy,2017/03/01__11:17:24,null
2017/03/01__11:17:26:257,653181536,2017/03/01__11:17:25,1193.22,2.0,buy,2017/03/01__11:17:25,null
2017/03/01__11:17:26:257,653181562,2017/03/01__11:17:26,1193.01,2.0,buy,2017/03/01__11:17:26,null
2017/03/01__11:17:27:137,653181605,2017/03/01__11:17:26,1193.08,28.0,sell,2017/03/01__11:17:26,null
2017/03/01__11:17:28:351,653181627,2017/03/01__11:17:27,1193.21,6.0,buy,2017/03/01__11:17:27,null
2017/03/01__11:17:28:351,653181647,2017/03/01__11:17:28,1193.22,2.0,buy,2017/03/01__11:17:28,null
2017/03/01__11:17:29:256,653181675,2017/03/01__11:17:28,1193.21,4.0,buy,2017/03/01__11:17:28,null
2017/03/01__11:17:31:367,653181744,2017/03/01__11:17:30,1193.21,4.0,buy,2017/03/01__11:17:30,null
2017/03/01__11:17:32:312,653181769,2017/03/01__11:17:31,1193.0,44.0,sell,2017/03/01__11:17:31,null
2017/03/01__11:17:32:312,653181781,2017/03/01__11:17:32,1193.21,2.0,buy,2017/03/01__11:17:32,null
2017/03/01__11:17:34:383,653181824,2017/03/01__11:17:33,1193.21,2.0,buy,2017/03/01__11:17:33,null
2017/03/01__11:17:34:383,653181844,2017/03/01__11:17:34,1193.0,20.0,sell,2017/03/01__11:17:34,null
2017/03/01__11:17:35:289,653181855,2017/03/01__11:17:34,1193.0,2.0,buy,2017/03/01__11:17:34,null
2017/03/01__11:17:37:700,653181912,2017/03/01__11:17:36,1193.21,2.0,buy,2017/03/01__11:17:36,null
2017/03/01__11:17:37:700,653181932,2017/03/01__11:17:37,1193.21,2.0,buy,2017/03/01__11:17:37,null
2017/03/01__11:17:39:511,653181995,2017/03/01__11:17:39,1193.21,2.0,buy,2017/03/01__11:17:39,null
2017/03/01__11:17:40:418,653182022,2017/03/01__11:17:40,1193.21,2.0,buy,2017/03/01__11:17:40,null
2017/03/01__11:17:42:828,653182094,2017/03/01__11:17:42,1192.32,28.0,sell,2017/03/01__11:17:42,null
2017/03/01__11:17:44:646,653182184,2017/03/01__11:17:44,1192.93,52.0,buy,2017/03/01__11:17:44,null
2017/03/01__11:17:45:844,653182196,2017/03/01__11:17:44,1192.93,26.0,buy,2017/03/01__11:17:44,null
2017/03/01__11:17:45:844,653182229,2017/03/01__11:17:45,1192.93,18.0,buy,2017/03/01__11:17:45,null
2017/03/01__11:17:46:756,653182250,2017/03/01__11:17:45,1192.93,12.0,buy,2017/03/01__11:17:45,null
2017/03/01__11:17:46:756,653182287,2017/03/01__11:17:46,1192.93,50.0,buy,2017/03/01__11:17:46,null
2017/03/01__11:17:47:957,653182298,2017/03/01__11:17:47,1192.93,2.0,buy,2017/03/01__11:17:47,null
2017/03/01__11:17:48:857,653182332,2017/03/01__11:17:47,1192.93,2.0,buy,2017/03/01__11:17:47,null
2017/03/01__11:17:48:857,653182348,2017/03/01__11:17:48,1192.93,2.0,buy,2017/03/01__11:17:48,null
2017/03/01__11:17:51:000,653182392,2017/03/01__11:17:49,1192.93,2.0,buy,2017/03/01__11:17:49,null
2017/03/01__11:17:51:000,653182417,2017/03/01__11:17:50,1192.93,4.0,buy,2017/03/01__11:17:50,null
2017/03/01__11:17:53:077,653182461,2017/03/01__11:17:52,1192.93,4.0,buy,2017/03/01__11:17:52,null
2017/03/01__11:17:53:700,653182480,2017/03/01__11:17:53,1192.93,2.0,buy,2017/03/01__11:17:53,null
2017/03/01__11:17:55:807,653182527,2017/03/01__11:17:55,1192.93,2.0,buy,2017/03/01__11:17:55,null
2017/03/01__11:17:57:013,653182543,2017/03/01__11:17:56,1192.93,2.0,buy,2017/03/01__11:17:56,null
2017/03/01__11:17:59:122,653182621,2017/03/01__11:17:58,1192.93,4.0,buy,2017/03/01__11:17:58,null
2017/03/01__11:18:06:067,653182763,2017/03/01__11:18:05,1192.74,14.0,sell,2017/03/01__11:18:05,null
2017/03/01__11:18:13:303,653182934,2017/03/01__11:18:12,1192.21,292.0,sell,2017/03/01__11:18:12,null
2017/03/01__11:18:16:317,653183010,2017/03/01__11:18:16,1192.93,20.0,buy,2017/03/01__11:18:16,null
2017/03/01__11:18:37:122,653183361,2017/03/01__11:18:36,1192.9,22.0,buy,2017/03/01__11:18:36,null
2017/03/01__11:18:40:140,653183423,2017/03/01__11:18:39,1192.9,42.0,buy,2017/03/01__11:18:39,null
2017/03/01__11:18:45:267,653183537,2017/03/01__11:18:44,1192.93,118.0,buy,2017/03/01__11:18:44,null
2017/03/01__11:18:48:283,653183589,2017/03/01__11:18:47,1192.93,118.0,buy,2017/03/01__11:18:47,null
2017/03/01__11:18:54:309,653183755,2017/03/01__11:18:53,1192.93,126.0,buy,2017/03/01__11:18:53,null
2017/03/01__11:18:55:515,653183772,2017/03/01__11:18:54,1192.88,24.0,sell,2017/03/01__11:18:54,null
2017/03/01__11:18:59:451,653183905,2017/03/01__11:18:58,1192.57,4.0,sell,2017/03/01__11:18:58,null
2017/03/01__11:19:00:352,653183952,2017/03/01__11:19:00,1192.88,4.0,buy,2017/03/01__11:19:00,null
2017/03/01__11:19:01:559,653183969,2017/03/01__11:19:00,1192.88,2.0,buy,2017/03/01__11:19:00,null
2017/03/01__11:19:07:607,653184134,2017/03/01__11:19:07,1192.88,12.0,buy,2017/03/01__11:19:07,null
2017/03/01__11:19:14:868,653184292,2017/03/01__11:19:13,1192.93,344.0,buy,2017/03/01__11:19:13,null
2017/03/01__11:19:17:871,653184374,2017/03/01__11:19:16,1193.22,8.0,buy,2017/03/01__11:19:16,null
2017/03/01__11:19:21:791,653184501,2017/03/01__11:19:21,1193.22,72.0,buy,2017/03/01__11:19:21,null
2017/03/01__11:19:35:064,653184884,2017/03/01__11:19:34,1193.5,8.0,sell,2017/03/01__11:19:34,null
2017/03/01__11:19:38:989,653185016,2017/03/01__11:19:38,1193.99,46.0,buy,2017/03/01__11:19:38,null
2017/03/01__11:19:43:206,653185131,2017/03/01__11:19:42,1194.0,12.0,buy,2017/03/01__11:19:42,null
2017/03/01__11:19:44:412,653185183,2017/03/01__11:19:43,1194.0,104.0,buy,2017/03/01__11:19:43,null
2017/03/01__11:19:46:222,653185223,2017/03/01__11:19:45,1194.0,400.0,buy,2017/03/01__11:19:45,null
2017/03/01__11:19:47:427,653185235,2017/03/01__11:19:46,1193.99,100.0,buy,2017/03/01__11:19:46,null
2017/03/01__11:19:52:553,653185386,2017/03/01__11:19:51,1193.11,8.0,buy,2017/03/01__11:19:51,null
2017/03/01__11:20:00:726,653185610,2017/03/01__11:20:00,1193.94,18.0,sell,2017/03/01__11:20:00,null
2017/03/01__11:20:01:917,653185640,2017/03/01__11:20:01,1193.94,32.0,sell,2017/03/01__11:20:01,null
2017/03/01__11:20:02:821,653185655,2017/03/01__11:20:01,1193.94,20.0,sell,2017/03/01__11:20:01,null
2017/03/01__11:20:02:821,653185661,2017/03/01__11:20:02,1193.94,6.0,sell,2017/03/01__11:20:02,null
2017/03/01__11:20:04:937,653185733,2017/03/01__11:20:04,1194.0,6.0,buy,2017/03/01__11:20:04,null
2017/03/01__11:20:06:741,653185801,2017/03/01__11:20:06,1193.94,20.0,sell,2017/03/01__11:20:06,null
2017/03/01__11:20:07:949,653185810,2017/03/01__11:20:07,1193.94,22.0,sell,2017/03/01__11:20:07,null
2017/03/01__11:20:12:170,653185944,2017/03/01__11:20:11,1193.94,18.0,buy,2017/03/01__11:20:11,null
2017/03/01__11:20:20:315,653186178,2017/03/01__11:20:19,1194.0,8.0,buy,2017/03/01__11:20:19,null
2017/03/01__11:20:22:423,653186247,2017/03/01__11:20:21,1193.77,10.0,sell,2017/03/01__11:20:21,null
2017/03/01__11:20:25:438,653186342,2017/03/01__11:20:25,1194.36,82.0,buy,2017/03/01__11:20:25,null
2017/03/01__11:20:31:776,653186503,2017/03/01__11:20:31,1194.01,12.0,sell,2017/03/01__11:20:31,null
2017/03/01__11:20:32:684,653186519,2017/03/01__11:20:31,1194.83,274.0,sell,2017/03/01__11:20:31,null
2017/03/01__11:20:33:705,653186564,2017/03/01__11:20:32,1194.83,90.0,sell,2017/03/01__11:20:32,null
2017/03/01__11:20:33:705,653186599,2017/03/01__11:20:33,1194.83,192.0,sell,2017/03/01__11:20:33,null
2017/03/01__11:20:34:495,653186615,2017/03/01__11:20:33,1194.83,46.0,sell,2017/03/01__11:20:33,null
2017/03/01__11:20:36:606,653186689,2017/03/01__11:20:35,1194.05,22.0,buy,2017/03/01__11:20:35,null
2017/03/01__11:20:36:606,653186702,2017/03/01__11:20:36,1194.05,2.0,buy,2017/03/01__11:20:36,null
2017/03/01__11:20:38:734,653186763,2017/03/01__11:20:38,1194.05,100.0,buy,2017/03/01__11:20:38,null
2017/03/01__11:20:40:843,653186842,2017/03/01__11:20:40,1194.0,166.0,sell,2017/03/01__11:20:40,null
2017/03/01__11:20:43:856,653186904,2017/03/01__11:20:43,1194.35,118.0,buy,2017/03/01__11:20:43,null
2017/03/01__11:20:44:760,653186935,2017/03/01__11:20:43,1194.35,28.0,buy,2017/03/01__11:20:43,null
2017/03/01__11:20:45:667,653186977,2017/03/01__11:20:45,1194.35,86.0,buy,2017/03/01__11:20:45,null
2017/03/01__11:20:52:920,653187203,2017/03/01__11:20:52,1194.94,52.0,buy,2017/03/01__11:20:52,null
2017/03/01__11:20:55:336,653187244,2017/03/01__11:20:53,1194.94,40.0,buy,2017/03/01__11:20:53,null
2017/03/01__11:20:55:336,653187288,2017/03/01__11:20:54,1195.55,288.0,sell,2017/03/01__11:20:54,null
2017/03/01__11:20:56:250,653187334,2017/03/01__11:20:55,1195.55,108.0,sell,2017/03/01__11:20:55,null
2017/03/01__11:20:57:175,653187373,2017/03/01__11:20:56,1195.55,56.0,sell,2017/03/01__11:20:56,null
2017/03/01__11:20:58:362,653187404,2017/03/01__11:20:57,1194.9,8.0,buy,2017/03/01__11:20:57,null
2017/03/01__11:20:58:362,653187417,2017/03/01__11:20:58,1194.9,4.0,buy,2017/03/01__11:20:58,null
2017/03/01__11:21:01:393,653187506,2017/03/01__11:21:00,1194.9,50.0,buy,2017/03/01__11:21:00,null
2017/03/01__11:21:02:294,653187553,2017/03/01__11:21:02,1195.81,30.0,buy,2017/03/01__11:21:02,null
2017/03/01__11:21:06:521,653187695,2017/03/01__11:21:06,1195.81,6.0,buy,2017/03/01__11:21:06,null
2017/03/01__11:21:07:425,653187720,2017/03/01__11:21:07,1195.86,8.0,sell,2017/03/01__11:21:07,null
2017/03/01__11:21:08:330,653187740,2017/03/01__11:21:07,1195.87,2.0,sell,2017/03/01__11:21:07,null
2017/03/01__11:21:08:330,653187761,2017/03/01__11:21:08,1196.06,6.0,sell,2017/03/01__11:21:08,null
2017/03/01__11:21:10:742,653187810,2017/03/01__11:21:09,1195.88,2.0,sell,2017/03/01__11:21:09,null
2017/03/01__11:21:10:742,653187834,2017/03/01__11:21:10,1195.85,118.0,sell,2017/03/01__11:21:10,null
2017/03/01__11:21:15:945,653187988,2017/03/01__11:21:15,1196.08,4.0,sell,2017/03/01__11:21:15,null
2017/03/01__11:21:24:318,653188236,2017/03/01__11:21:23,1196.07,22.0,sell,2017/03/01__11:21:23,null
2017/03/01__11:21:29:148,653188357,2017/03/01__11:21:28,1197.26,20.0,buy,2017/03/01__11:21:28,null
2017/03/01__11:21:31:259,653188414,2017/03/01__11:21:30,1196.16,2.0,sell,2017/03/01__11:21:30,null
2017/03/01__11:21:35:179,653188510,2017/03/01__11:21:34,1196.67,10.0,buy,2017/03/01__11:21:34,null
2017/03/01__11:21:38:226,653188589,2017/03/01__11:21:37,1197.14,6.0,sell,2017/03/01__11:21:37,null
2017/03/01__11:21:42:414,653188769,2017/03/01__11:21:41,1196.57,84.0,buy,2017/03/01__11:21:41,null
2017/03/01__11:21:44:576,653188840,2017/03/01__11:21:44,1196.17,2.0,sell,2017/03/01__11:21:44,null
2017/03/01__11:21:45:459,653188855,2017/03/01__11:21:44,1195.84,2.0,sell,2017/03/01__11:21:44,null
2017/03/01__11:21:45:459,653188862,2017/03/01__11:21:45,1195.85,2.0,buy,2017/03/01__11:21:45,null
2017/03/01__11:21:48:476,653188968,2017/03/01__11:21:48,1195.94,52.0,buy,2017/03/01__11:21:48,null
2017/03/01__11:21:49:405,653188989,2017/03/01__11:21:49,1195.94,6.0,sell,2017/03/01__11:21:49,null
2017/03/01__11:21:50:587,653189023,2017/03/01__11:21:49,1196.14,2.0,sell,2017/03/01__11:21:49,null
2017/03/01__11:21:50:587,653189028,2017/03/01__11:21:50,1196.52,2.0,buy,2017/03/01__11:21:50,null
2017/03/01__11:21:55:717,653189206,2017/03/01__11:21:55,1195.94,540.0,sell,2017/03/01__11:21:55,null
2017/03/01__11:21:56:623,653189220,2017/03/01__11:21:56,1196.57,34.0,buy,2017/03/01__11:21:56,null
2017/03/01__11:22:02:678,653189443,2017/03/01__11:22:02,1197.3,134.0,buy,2017/03/01__11:22:02,null
2017/03/01__11:22:05:697,653189522,2017/03/01__11:22:05,1196.52,210.0,sell,2017/03/01__11:22:05,null
2017/03/01__11:22:08:715,653189638,2017/03/01__11:22:08,1196.05,6.0,buy,2017/03/01__11:22:08,null
2017/03/01__11:22:12:952,653189710,2017/03/01__11:22:12,1196.65,2.0,buy,2017/03/01__11:22:12,null
2017/03/01__11:22:18:683,653189875,2017/03/01__11:22:18,1196.65,106.0,sell,2017/03/01__11:22:18,null
2017/03/01__11:22:31:364,653190233,2017/03/01__11:22:31,1195.43,16.0,sell,2017/03/01__11:22:31,null
2017/03/01__11:22:38:325,653190396,2017/03/01__11:22:38,1196.71,2.0,buy,2017/03/01__11:22:38,null
2017/03/01__11:22:55:220,653190786,2017/03/01__11:22:54,1196.65,2.0,buy,2017/03/01__11:22:54,null
2017/03/01__11:23:02:451,653190946,2017/03/01__11:23:02,1196.65,24.0,buy,2017/03/01__11:23:02,null
2017/03/01__11:23:03:657,653190966,2017/03/01__11:23:03,1196.23,6.0,buy,2017/03/01__11:23:03,null
2017/03/01__11:23:11:514,653191123,2017/03/01__11:23:10,1196.72,68.0,buy,2017/03/01__11:23:10,null
2017/03/01__11:23:12:735,653191161,2017/03/01__11:23:11,1196.6,44.0,buy,2017/03/01__11:23:11,null
2017/03/01__11:23:23:878,653191410,2017/03/01__11:23:23,1196.43,2.0,buy,2017/03/01__11:23:23,null
2017/03/01__11:23:26:892,653191483,2017/03/01__11:23:26,1196.6,56.0,buy,2017/03/01__11:23:26,null
2017/03/01__11:23:27:809,653191506,2017/03/01__11:23:27,1196.6,14.0,sell,2017/03/01__11:23:27,null
2017/03/01__11:23:31:113,653191565,2017/03/01__11:23:30,1196.23,108.0,sell,2017/03/01__11:23:30,null
2017/03/01__11:23:35:942,653191700,2017/03/01__11:23:35,1196.75,108.0,buy,2017/03/01__11:23:35,null
2017/03/01__11:23:42:278,653191855,2017/03/01__11:23:41,1196.23,2.0,sell,2017/03/01__11:23:41,null
2017/03/01__11:23:46:195,653191963,2017/03/01__11:23:45,1196.12,18.0,sell,2017/03/01__11:23:45,null
2017/03/01__11:23:47:101,653191979,2017/03/01__11:23:46,1196.4,34.0,buy,2017/03/01__11:23:46,null
2017/03/01__11:23:47:101,653192005,2017/03/01__11:23:47,1196.7,36.0,sell,2017/03/01__11:23:47,null
2017/03/01__11:23:48:609,653192021,2017/03/01__11:23:47,1196.7,4.0,sell,2017/03/01__11:23:47,null
2017/03/01__11:23:51:322,653192092,2017/03/01__11:23:51,1196.7,10.0,buy,2017/03/01__11:23:51,null
2017/03/01__11:23:58:258,653192276,2017/03/01__11:23:58,1196.75,162.0,buy,2017/03/01__11:23:58,null
2017/03/01__11:24:00:379,653192321,2017/03/01__11:23:59,1195.87,10.0,sell,2017/03/01__11:23:59,null
2017/03/01__11:24:04:305,653192428,2017/03/01__11:24:03,1196.57,6.0,buy,2017/03/01__11:24:03,null
2017/03/01__11:24:04:305,653192445,2017/03/01__11:24:04,1196.7,138.0,buy,2017/03/01__11:24:04,null
2017/03/01__11:24:06:719,653192495,2017/03/01__11:24:06,1196.86,24.0,buy,2017/03/01__11:24:06,null
2017/03/01__11:24:07:623,653192522,2017/03/01__11:24:07,1196.87,4.0,sell,2017/03/01__11:24:07,null
2017/03/01__11:24:10:635,653192604,2017/03/01__11:24:10,1196.81,8.0,buy,2017/03/01__11:24:10,null
2017/03/01__11:24:12:746,653192671,2017/03/01__11:24:12,1196.78,104.0,sell,2017/03/01__11:24:12,null
2017/03/01__11:24:13:652,653192684,2017/03/01__11:24:13,1196.7,72.0,buy,2017/03/01__11:24:13,null
2017/03/01__11:24:21:802,653192874,2017/03/01__11:24:21,1196.65,40.0,buy,2017/03/01__11:24:21,null
2017/03/01__11:24:22:708,653192895,2017/03/01__11:24:22,1197.3,642.0,buy,2017/03/01__11:24:22,null
2017/03/01__11:24:24:818,653192947,2017/03/01__11:24:24,1196.7,14.0,sell,2017/03/01__11:24:24,null
2017/03/01__11:24:29:042,653193013,2017/03/01__11:24:28,1197.15,200.0,buy,2017/03/01__11:24:28,null
2017/03/01__11:24:30:248,653193063,2017/03/01__11:24:29,1197.25,214.0,buy,2017/03/01__11:24:29,null
2017/03/01__11:24:31:455,653193088,2017/03/01__11:24:30,1196.93,12.0,sell,2017/03/01__11:24:30,null
2017/03/01__11:24:34:168,653193163,2017/03/01__11:24:34,1197.1,18.0,buy,2017/03/01__11:24:34,null
2017/03/01__11:24:35:375,653193193,2017/03/01__11:24:35,1197.22,22.0,sell,2017/03/01__11:24:35,null
2017/03/01__11:24:38:116,653193269,2017/03/01__11:24:38,1197.29,142.0,buy,2017/03/01__11:24:38,null
2017/03/01__11:24:39:320,653193286,2017/03/01__11:24:38,1197.29,30.0,sell,2017/03/01__11:24:38,null
2017/03/01__11:24:44:447,653193387,2017/03/01__11:24:43,1197.15,62.0,buy,2017/03/01__11:24:43,null
2017/03/01__11:24:45:351,653193419,2017/03/01__11:24:45,1197.3,72.0,buy,2017/03/01__11:24:45,null
2017/03/01__11:24:46:560,653193438,2017/03/01__11:24:45,1197.41,52.0,sell,2017/03/01__11:24:45,null
2017/03/01__11:24:46:560,653193466,2017/03/01__11:24:46,1197.41,34.0,sell,2017/03/01__11:24:46,null
2017/03/01__11:24:49:575,653193536,2017/03/01__11:24:49,1197.41,72.0,sell,2017/03/01__11:24:49,null
2017/03/01__11:24:55:005,653193669,2017/03/01__11:24:54,1197.9,98.0,buy,2017/03/01__11:24:54,null
2017/03/01__11:25:03:783,653193909,2017/03/01__11:25:03,1197.99,64.0,buy,2017/03/01__11:25:03,null
2017/03/01__11:25:08:012,653193993,2017/03/01__11:25:06,1198.0,334.0,buy,2017/03/01__11:25:06,null
2017/03/01__11:25:08:012,653194036,2017/03/01__11:25:07,1198.0,28.0,sell,2017/03/01__11:25:07,null
2017/03/01__11:25:10:147,653194074,2017/03/01__11:25:09,1198.02,6.0,sell,2017/03/01__11:25:09,null
2017/03/01__11:25:11:916,653194148,2017/03/01__11:25:11,1198.0,52.0,sell,2017/03/01__11:25:11,null
2017/03/01__11:25:14:030,653194205,2017/03/01__11:25:13,1198.0,60.0,sell,2017/03/01__11:25:13,null
2017/03/01__11:25:16:145,653194263,2017/03/01__11:25:15,1198.0,12.0,sell,2017/03/01__11:25:15,null
2017/03/01__11:25:17:356,653194282,2017/03/01__11:25:16,1198.0,36.0,sell,2017/03/01__11:25:16,null
2017/03/01__11:25:18:260,653194314,2017/03/01__11:25:18,1198.0,52.0,sell,2017/03/01__11:25:18,null
2017/03/01__11:25:19:165,653194320,2017/03/01__11:25:18,1197.9,238.0,sell,2017/03/01__11:25:18,null
2017/03/01__11:25:22:183,653194418,2017/03/01__11:25:21,1197.9,30.0,sell,2017/03/01__11:25:21,null
2017/03/01__11:25:24:313,653194463,2017/03/01__11:25:23,1197.9,12.0,sell,2017/03/01__11:25:23,null
2017/03/01__11:25:29:440,653194577,2017/03/01__11:25:28,1197.9,4.0,sell,2017/03/01__11:25:28,null
2017/03/01__11:25:31:553,653194625,2017/03/01__11:25:30,1197.9,2.0,sell,2017/03/01__11:25:30,null
2017/03/01__11:25:33:359,653194653,2017/03/01__11:25:32,1197.9,4.0,sell,2017/03/01__11:25:32,null
2017/03/01__11:25:39:705,653194880,2017/03/01__11:25:38,1198.0,594.0,sell,2017/03/01__11:25:38,null
2017/03/01__11:25:40:627,653194926,2017/03/01__11:25:39,1198.03,12.0,buy,2017/03/01__11:25:39,null
2017/03/01__11:25:40:627,653194938,2017/03/01__11:25:40,1198.0,8.0,sell,2017/03/01__11:25:40,null
2017/03/01__11:25:41:231,653194949,2017/03/01__11:25:40,1198.0,54.0,sell,2017/03/01__11:25:40,null
2017/03/01__11:25:42:437,653194991,2017/03/01__11:25:42,1198.0,2.0,sell,2017/03/01__11:25:42,null
2017/03/01__11:25:43:345,653195014,2017/03/01__11:25:42,1198.0,118.0,sell,2017/03/01__11:25:42,null
2017/03/01__11:25:44:561,653195049,2017/03/01__11:25:44,1198.03,84.0,buy,2017/03/01__11:25:44,null
2017/03/01__11:25:45:454,653195073,2017/03/01__11:25:45,1198.0,42.0,sell,2017/03/01__11:25:45,null
2017/03/01__11:25:46:963,653195121,2017/03/01__11:25:46,1198.37,234.0,buy,2017/03/01__11:25:46,null
2017/03/01__11:25:47:868,653195129,2017/03/01__11:25:46,1198.43,2.0,sell,2017/03/01__11:25:46,null
2017/03/01__11:25:47:868,653195146,2017/03/01__11:25:47,1198.43,22.0,sell,2017/03/01__11:25:47,null
2017/03/01__11:25:48:774,653195152,2017/03/01__11:25:47,1198.43,22.0,sell,2017/03/01__11:25:47,null
2017/03/01__11:25:48:774,653195168,2017/03/01__11:25:48,1198.01,16.0,sell,2017/03/01__11:25:48,null
2017/03/01__11:25:49:986,653195202,2017/03/01__11:25:48,1198.18,2.0,sell,2017/03/01__11:25:48,null
2017/03/01__11:25:51:788,653195275,2017/03/01__11:25:51,1198.18,2.0,sell,2017/03/01__11:25:51,null
2017/03/01__11:25:52:694,653195302,2017/03/01__11:25:52,1198.75,70.0,buy,2017/03/01__11:25:52,null
2017/03/01__11:25:53:900,653195351,2017/03/01__11:25:53,1198.81,120.0,sell,2017/03/01__11:25:53,null
2017/03/01__11:25:54:836,653195388,2017/03/01__11:25:54,1198.81,88.0,sell,2017/03/01__11:25:54,null
2017/03/01__11:25:55:717,653195416,2017/03/01__11:25:55,1198.81,50.0,sell,2017/03/01__11:25:55,null
2017/03/01__11:25:58:129,653195440,2017/03/01__11:25:56,1198.81,64.0,sell,2017/03/01__11:25:56,null
2017/03/01__11:25:58:129,653195450,2017/03/01__11:25:57,1198.81,24.0,sell,2017/03/01__11:25:57,null
2017/03/01__11:25:59:048,653195468,2017/03/01__11:25:57,1198.81,28.0,sell,2017/03/01__11:25:57,null
2017/03/01__11:25:59:048,653195515,2017/03/01__11:25:58,1199.91,220.0,buy,2017/03/01__11:25:58,null
2017/03/01__11:25:59:939,653195546,2017/03/01__11:25:59,1198.18,26.0,sell,2017/03/01__11:25:59,null
2017/03/01__11:26:01:152,653195592,2017/03/01__11:26:00,1199.05,78.0,sell,2017/03/01__11:26:00,null
2017/03/01__11:26:03:859,653195694,2017/03/01__11:26:03,1198.33,6.0,sell,2017/03/01__11:26:03,null
2017/03/01__11:26:05:387,653195724,2017/03/01__11:26:04,1198.34,2.0,sell,2017/03/01__11:26:04,null
2017/03/01__11:26:06:272,653195735,2017/03/01__11:26:05,1198.33,2.0,sell,2017/03/01__11:26:05,null
2017/03/01__11:26:07:177,653195773,2017/03/01__11:26:06,1198.33,4.0,sell,2017/03/01__11:26:06,null
2017/03/01__11:26:08:082,653195820,2017/03/01__11:26:08,1198.32,4.0,sell,2017/03/01__11:26:08,null
2017/03/01__11:26:09:307,653195854,2017/03/01__11:26:08,1198.75,124.0,buy,2017/03/01__11:26:08,null
2017/03/01__11:26:09:307,653195869,2017/03/01__11:26:09,1199.88,88.0,buy,2017/03/01__11:26:09,null
2017/03/01__11:26:11:116,653195935,2017/03/01__11:26:10,1198.32,8.0,sell,2017/03/01__11:26:10,null
2017/03/01__11:26:16:540,653196053,2017/03/01__11:26:15,1198.32,6.0,sell,2017/03/01__11:26:15,null
2017/03/01__11:26:16:540,653196062,2017/03/01__11:26:16,1198.32,8.0,sell,2017/03/01__11:26:16,null
2017/03/01__11:26:34:028,653196429,2017/03/01__11:26:33,1198.51,10.0,buy,2017/03/01__11:26:33,null
2017/03/01__11:26:38:859,653196537,2017/03/01__11:26:38,1198.95,46.0,buy,2017/03/01__11:26:38,null
2017/03/01__11:26:48:220,653196744,2017/03/01__11:26:47,1198.75,2.0,buy,2017/03/01__11:26:47,null
2017/03/01__11:27:04:504,653197123,2017/03/01__11:27:03,1198.52,4.0,buy,2017/03/01__11:27:03,null
2017/03/01__11:27:06:619,653197183,2017/03/01__11:27:06,1198.32,70.0,sell,2017/03/01__11:27:06,null
2017/03/01__11:27:11:744,653197297,2017/03/01__11:27:11,1198.32,28.0,sell,2017/03/01__11:27:11,null
2017/03/01__11:27:13:253,653197330,2017/03/01__11:27:12,1198.32,2.0,sell,2017/03/01__11:27:12,null
2017/03/01__11:27:15:665,653197373,2017/03/01__11:27:14,1198.32,2.0,sell,2017/03/01__11:27:14,null
2017/03/01__11:27:22:599,653197574,2017/03/01__11:27:22,1199.0,236.0,buy,2017/03/01__11:27:22,null
2017/03/01__11:27:25:634,653197660,2017/03/01__11:27:25,1198.33,4.0,sell,2017/03/01__11:27:25,null
2017/03/01__11:27:32:874,653197796,2017/03/01__11:27:32,1198.32,18.0,sell,2017/03/01__11:27:32,null
2017/03/01__11:27:37:096,653197908,2017/03/01__11:27:37,1198.6,26.0,buy,2017/03/01__11:27:37,null
2017/03/01__11:27:46:152,653198118,2017/03/01__11:27:45,1198.32,2.0,sell,2017/03/01__11:27:45,null
2017/03/01__11:27:47:056,653198156,2017/03/01__11:27:46,1198.32,14.0,sell,2017/03/01__11:27:46,null
2017/03/01__11:27:47:961,653198181,2017/03/01__11:27:47,1198.46,2.0,sell,2017/03/01__11:27:47,null
2017/03/01__11:27:49:170,653198228,2017/03/01__11:27:49,1198.47,14.0,buy,2017/03/01__11:27:49,null
2017/03/01__11:27:50:377,653198234,2017/03/01__11:27:49,1198.46,2.0,sell,2017/03/01__11:27:49,null
2017/03/01__11:27:52:186,653198276,2017/03/01__11:27:51,1198.46,2.0,sell,2017/03/01__11:27:51,null
2017/03/01__11:27:54:310,653198321,2017/03/01__11:27:53,1198.46,2.0,sell,2017/03/01__11:27:53,null
2017/03/01__11:28:03:355,653198508,2017/03/01__11:28:03,1198.46,20.0,sell,2017/03/01__11:28:03,null
2017/03/01__11:28:16:929,653198749,2017/03/01__11:28:16,1198.47,16.0,buy,2017/03/01__11:28:16,null
2017/03/01__11:28:25:071,653198889,2017/03/01__11:28:24,1198.47,24.0,sell,2017/03/01__11:28:24,null
2017/03/01__11:28:29:915,653198995,2017/03/01__11:28:29,1198.47,4.0,buy,2017/03/01__11:28:29,null
2017/03/01__11:28:30:807,653199017,2017/03/01__11:28:30,1198.32,10.0,sell,2017/03/01__11:28:30,null
2017/03/01__11:28:32:012,653199041,2017/03/01__11:28:31,1198.4,10.0,buy,2017/03/01__11:28:31,null
2017/03/01__11:28:32:918,653199066,2017/03/01__11:28:32,1198.0,690.0,sell,2017/03/01__11:28:32,null
2017/03/01__11:28:50:399,653199504,2017/03/01__11:28:49,1197.85,22.0,buy,2017/03/01__11:28:49,null
2017/03/01__11:28:54:620,653199611,2017/03/01__11:28:54,1197.61,12.0,sell,2017/03/01__11:28:54,null
2017/03/01__11:29:02:465,653199799,2017/03/01__11:29:01,1197.35,4.0,sell,2017/03/01__11:29:01,null
2017/03/01__11:29:13:920,653200090,2017/03/01__11:29:13,1196.72,62.0,sell,2017/03/01__11:29:13,null
2017/03/01__11:29:16:937,653200186,2017/03/01__11:29:16,1196.57,192.0,sell,2017/03/01__11:29:16,null
2017/03/01__11:29:17:856,653200205,2017/03/01__11:29:17,1196.57,24.0,sell,2017/03/01__11:29:17,null
2017/03/01__11:29:19:954,653200256,2017/03/01__11:29:19,1196.57,10.0,sell,2017/03/01__11:29:19,null
2017/03/01__11:29:20:860,653200284,2017/03/01__11:29:20,1196.57,6.0,sell,2017/03/01__11:29:20,null
2017/03/01__11:29:22:068,653200316,2017/03/01__11:29:21,1197.31,206.0,sell,2017/03/01__11:29:21,null
2017/03/01__11:29:37:450,653200649,2017/03/01__11:29:37,1197.1,36.0,buy,2017/03/01__11:29:37,null
2017/03/01__11:29:46:494,653200853,2017/03/01__11:29:46,1196.57,70.0,sell,2017/03/01__11:29:46,null
2017/03/01__11:29:47:702,653200898,2017/03/01__11:29:47,1197.08,2.0,buy,2017/03/01__11:29:47,null
2017/03/01__11:29:48:607,653200903,2017/03/01__11:29:47,1197.07,2.0,buy,2017/03/01__11:29:47,null
2017/03/01__11:29:48:607,653200915,2017/03/01__11:29:48,1196.84,2.0,sell,2017/03/01__11:29:48,null
2017/03/01__11:29:49:514,653200967,2017/03/01__11:29:49,1197.15,18.0,buy,2017/03/01__11:29:49,null
2017/03/01__11:29:51:996,653201013,2017/03/01__11:29:51,1196.57,40.0,sell,2017/03/01__11:29:51,null
2017/03/01__11:29:56:149,653201125,2017/03/01__11:29:55,1197.15,18.0,sell,2017/03/01__11:29:55,null
2017/03/01__11:30:05:499,653201342,2017/03/01__11:30:04,1197.61,404.0,buy,2017/03/01__11:30:04,null
2017/03/01__11:30:06:703,653201372,2017/03/01__11:30:05,1197.61,50.0,sell,2017/03/01__11:30:05,null
2017/03/01__11:30:09:418,653201458,2017/03/01__11:30:08,1197.61,8.0,sell,2017/03/01__11:30:08,null
2017/03/01__11:30:11:539,653201549,2017/03/01__11:30:11,1196.59,30.0,sell,2017/03/01__11:30:11,null
2017/03/01__11:30:16:397,653201671,2017/03/01__11:30:16,1196.59,16.0,sell,2017/03/01__11:30:16,null
2017/03/01__11:30:20:604,653201763,2017/03/01__11:30:20,1197.82,8.0,buy,2017/03/01__11:30:20,null
2017/03/01__11:30:21:794,653201765,2017/03/01__11:30:20,1197.82,4.0,sell,2017/03/01__11:30:20,null
2017/03/01__11:30:26:016,653201868,2017/03/01__11:30:24,1197.83,26.0,buy,2017/03/01__11:30:24,null
2017/03/01__11:30:28:737,653201944,2017/03/01__11:30:27,1197.82,16.0,sell,2017/03/01__11:30:27,null
2017/03/01__11:30:35:974,653202154,2017/03/01__11:30:35,1197.74,6.0,sell,2017/03/01__11:30:35,null
2017/03/01__11:30:40:805,653202256,2017/03/01__11:30:40,1197.98,6.0,buy,2017/03/01__11:30:40,null
2017/03/01__11:30:48:051,653202425,2017/03/01__11:30:48,1197.74,2.0,sell,2017/03/01__11:30:48,null
2017/03/01__11:30:57:694,653202628,2017/03/01__11:30:57,1198.27,8.0,sell,2017/03/01__11:30:57,null
2017/03/01__11:30:59:502,653202656,2017/03/01__11:30:59,1198.27,2.0,sell,2017/03/01__11:30:59,null
2017/03/01__11:31:08:866,653202825,2017/03/01__11:31:08,1198.27,106.0,sell,2017/03/01__11:31:08,null
2017/03/01__11:31:14:898,653202975,2017/03/01__11:31:14,1198.25,32.0,sell,2017/03/01__11:31:14,null
2017/03/01__11:31:16:104,653203017,2017/03/01__11:31:15,1197.74,92.0,sell,2017/03/01__11:31:15,null
2017/03/01__11:31:17:009,653203034,2017/03/01__11:31:16,1197.74,2.0,sell,2017/03/01__11:31:16,null
2017/03/01__11:31:17:913,653203062,2017/03/01__11:31:17,1197.74,2.0,sell,2017/03/01__11:31:17,null
2017/03/01__11:31:19:118,653203107,2017/03/01__11:31:18,1197.74,56.0,sell,2017/03/01__11:31:18,null
2017/03/01__11:31:24:272,653203261,2017/03/01__11:31:23,1196.6,4.0,sell,2017/03/01__11:31:23,null
2017/03/01__11:31:33:602,653203520,2017/03/01__11:31:32,1197.0,16.0,sell,2017/03/01__11:31:32,null
2017/03/01__11:32:04:993,653204259,2017/03/01__11:32:04,1196.68,6.0,buy,2017/03/01__11:32:04,null
2017/03/01__11:32:19:462,653204525,2017/03/01__11:32:18,1196.57,20.0,sell,2017/03/01__11:32:18,null
2017/03/01__11:32:21:574,653204580,2017/03/01__11:32:21,1196.64,10.0,buy,2017/03/01__11:32:21,null
2017/03/01__11:32:23:685,653204595,2017/03/01__11:32:22,1196.57,76.0,sell,2017/03/01__11:32:22,null
2017/03/01__11:32:48:717,653205182,2017/03/01__11:32:47,1196.07,30.0,buy,2017/03/01__11:32:47,null
2017/03/01__11:32:52:635,653205280,2017/03/01__11:32:52,1195.85,118.0,sell,2017/03/01__11:32:52,null
2017/03/01__11:33:03:801,653205548,2017/03/01__11:33:03,1195.85,24.0,sell,2017/03/01__11:33:03,null
2017/03/01__11:33:05:913,653205579,2017/03/01__11:33:04,1195.85,188.0,sell,2017/03/01__11:33:04,null
2017/03/01__11:33:05:913,653205598,2017/03/01__11:33:05,1195.84,22.0,buy,2017/03/01__11:33:05,null
2017/03/01__11:33:09:226,653205664,2017/03/01__11:33:08,1195.56,202.0,sell,2017/03/01__11:33:08,null
2017/03/01__11:33:11:334,653205705,2017/03/01__11:33:10,1195.82,10.0,sell,2017/03/01__11:33:10,null
2017/03/01__11:33:26:711,653206030,2017/03/01__11:33:26,1195.58,8.0,sell,2017/03/01__11:33:26,null
2017/03/01__11:33:29:715,653206084,2017/03/01__11:33:29,1195.56,22.0,sell,2017/03/01__11:33:29,null
2017/03/01__11:33:31:823,653206113,2017/03/01__11:33:30,1195.57,14.0,buy,2017/03/01__11:33:30,null
2017/03/01__11:33:31:823,653206120,2017/03/01__11:33:31,1196.03,18.0,buy,2017/03/01__11:33:31,null
2017/03/01__11:33:32:734,653206149,2017/03/01__11:33:32,1196.05,4.0,buy,2017/03/01__11:33:32,null
2017/03/01__11:33:36:951,653206221,2017/03/01__11:33:36,1195.57,12.0,sell,2017/03/01__11:33:36,null
2017/03/01__11:33:44:174,653206384,2017/03/01__11:33:43,1195.56,42.0,sell,2017/03/01__11:33:43,null
2017/03/01__11:33:45:078,653206405,2017/03/01__11:33:44,1195.56,72.0,sell,2017/03/01__11:33:44,null
2017/03/01__11:33:45:078,653206421,2017/03/01__11:33:45,1195.55,38.0,buy,2017/03/01__11:33:45,null
2017/03/01__11:33:45:984,653206437,2017/03/01__11:33:45,1195.55,2.0,buy,2017/03/01__11:33:45,null
2017/03/01__11:33:50:205,653206519,2017/03/01__11:33:49,1195.55,2.0,sell,2017/03/01__11:33:49,null
2017/03/01__11:33:58:343,653206719,2017/03/01__11:33:58,1195.16,12.0,sell,2017/03/01__11:33:58,null
2017/03/01__11:34:03:767,653206841,2017/03/01__11:34:02,1195.17,50.0,sell,2017/03/01__11:34:02,null
2017/03/01__11:34:05:576,653206913,2017/03/01__11:34:05,1195.82,80.0,buy,2017/03/01__11:34:05,null
2017/03/01__11:34:09:791,653206985,2017/03/01__11:34:08,1195.12,24.0,buy,2017/03/01__11:34:08,null
2017/03/01__11:34:10:696,653207047,2017/03/01__11:34:10,1194.93,198.0,buy,2017/03/01__11:34:10,null
2017/03/01__11:34:11:901,653207061,2017/03/01__11:34:11,1195.8,2.0,buy,2017/03/01__11:34:11,null
2017/03/01__11:34:12:805,653207096,2017/03/01__11:34:12,1195.17,2.0,buy,2017/03/01__11:34:12,null
2017/03/01__11:34:13:709,653207105,2017/03/01__11:34:12,1195.17,6.0,buy,2017/03/01__11:34:12,null
2017/03/01__11:34:13:709,653207120,2017/03/01__11:34:13,1195.81,4.0,buy,2017/03/01__11:34:13,null
2017/03/01__11:34:14:613,653207156,2017/03/01__11:34:14,1195.12,100.0,sell,2017/03/01__11:34:14,null
2017/03/01__11:34:16:736,653207209,2017/03/01__11:34:16,1195.12,54.0,buy,2017/03/01__11:34:16,null
2017/03/01__11:34:19:145,653207267,2017/03/01__11:34:18,1195.09,8.0,sell,2017/03/01__11:34:18,null
2017/03/01__11:34:22:161,653207350,2017/03/01__11:34:21,1195.06,6.0,buy,2017/03/01__11:34:21,null
2017/03/01__11:34:26:083,653207457,2017/03/01__11:34:25,1193.7,198.0,sell,2017/03/01__11:34:25,null
2017/03/01__11:34:38:745,653207805,2017/03/01__11:34:37,1193.66,200.0,buy,2017/03/01__11:34:37,null
2017/03/01__11:34:51:130,653208167,2017/03/01__11:34:50,1193.35,92.0,sell,2017/03/01__11:34:50,null
2017/03/01__11:34:56:237,653208273,2017/03/01__11:34:55,1193.65,2.0,buy,2017/03/01__11:34:55,null
2017/03/01__11:34:59:291,653208372,2017/03/01__11:34:59,1193.67,2.0,sell,2017/03/01__11:34:59,null
2017/03/01__11:35:01:400,653208424,2017/03/01__11:35:00,1193.67,10.0,sell,2017/03/01__11:35:00,null
2017/03/01__11:35:06:528,653208545,2017/03/01__11:35:05,1193.0,188.0,sell,2017/03/01__11:35:05,null
2017/03/01__11:35:07:430,653208585,2017/03/01__11:35:07,1192.93,2.0,buy,2017/03/01__11:35:07,null
2017/03/01__11:35:08:636,653208604,2017/03/01__11:35:07,1192.6,50.0,sell,2017/03/01__11:35:07,null
2017/03/01__11:35:08:636,653208618,2017/03/01__11:35:08,1192.0,952.0,sell,2017/03/01__11:35:08,null
2017/03/01__11:35:09:704,653208651,2017/03/01__11:35:09,1192.0,40.0,sell,2017/03/01__11:35:09,null
2017/03/01__11:35:11:459,653208742,2017/03/01__11:35:11,1192.0,440.0,sell,2017/03/01__11:35:11,null
2017/03/01__11:35:13:460,653208799,2017/03/01__11:35:13,1192.0,70.0,sell,2017/03/01__11:35:13,null
2017/03/01__11:35:14:681,653208814,2017/03/01__11:35:14,1191.94,762.0,sell,2017/03/01__11:35:14,null
2017/03/01__11:35:15:874,653208858,2017/03/01__11:35:15,1191.9,2.0,buy,2017/03/01__11:35:15,null
2017/03/01__11:35:17:687,653208917,2017/03/01__11:35:16,1191.64,2.0,sell,2017/03/01__11:35:16,null
2017/03/01__11:35:17:687,653208939,2017/03/01__11:35:17,1191.9,20.0,buy,2017/03/01__11:35:17,null
2017/03/01__11:35:19:819,653209002,2017/03/01__11:35:19,1191.48,20.0,sell,2017/03/01__11:35:19,null
2017/03/01__11:35:20:723,653209044,2017/03/01__11:35:20,1191.47,18.0,buy,2017/03/01__11:35:20,null
2017/03/01__11:35:21:930,653209090,2017/03/01__11:35:21,1191.47,12.0,buy,2017/03/01__11:35:21,null
2017/03/01__11:35:22:840,653209118,2017/03/01__11:35:22,1190.85,8.0,buy,2017/03/01__11:35:22,null
2017/03/01__11:35:23:739,653209156,2017/03/01__11:35:23,1190.6,120.0,sell,2017/03/01__11:35:23,null
2017/03/01__11:35:27:067,653209238,2017/03/01__11:35:25,1190.6,30.0,sell,2017/03/01__11:35:25,null
2017/03/01__11:35:27:067,653209246,2017/03/01__11:35:26,1190.51,14.0,sell,2017/03/01__11:35:26,null
2017/03/01__11:35:27:971,653209303,2017/03/01__11:35:27,1190.51,40.0,sell,2017/03/01__11:35:27,null
2017/03/01__11:35:29:202,653209326,2017/03/01__11:35:28,1190.2,70.0,sell,2017/03/01__11:35:28,null
2017/03/01__11:35:30:084,653209368,2017/03/01__11:35:29,1190.46,40.0,buy,2017/03/01__11:35:29,null
2017/03/01__11:35:30:990,653209410,2017/03/01__11:35:30,1190.8,8.0,buy,2017/03/01__11:35:30,null
2017/03/01__11:35:31:899,653209443,2017/03/01__11:35:31,1190.8,12.0,buy,2017/03/01__11:35:31,null
2017/03/01__11:35:36:115,653209544,2017/03/01__11:35:35,1190.8,2.0,buy,2017/03/01__11:35:35,null
2017/03/01__11:35:37:323,653209566,2017/03/01__11:35:36,1190.19,100.0,sell,2017/03/01__11:35:36,null
2017/03/01__11:35:38:224,653209586,2017/03/01__11:35:37,1190.8,2.0,buy,2017/03/01__11:35:37,null
2017/03/01__11:35:40:335,653209638,2017/03/01__11:35:39,1190.21,4.0,sell,2017/03/01__11:35:39,null
2017/03/01__11:35:41:241,653209660,2017/03/01__11:35:40,1190.75,148.0,buy,2017/03/01__11:35:40,null
2017/03/01__11:35:42:147,653209711,2017/03/01__11:35:41,1190.48,18.0,buy,2017/03/01__11:35:41,null
2017/03/01__11:35:45:460,653209774,2017/03/01__11:35:44,1190.75,20.0,buy,2017/03/01__11:35:44,null
2017/03/01__11:35:48:472,653209853,2017/03/01__11:35:48,1190.17,160.0,sell,2017/03/01__11:35:48,null
2017/03/01__11:35:51:497,653209910,2017/03/01__11:35:50,1190.85,200.0,buy,2017/03/01__11:35:50,null
2017/03/01__11:35:52:393,653209948,2017/03/01__11:35:52,1190.17,4.0,sell,2017/03/01__11:35:52,null
2017/03/01__11:35:54:201,653209988,2017/03/01__11:35:53,1190.02,352.0,buy,2017/03/01__11:35:53,null
2017/03/01__11:35:55:407,653210013,2017/03/01__11:35:54,1190.02,8.0,buy,2017/03/01__11:35:54,null
2017/03/01__11:35:55:407,653210016,2017/03/01__11:35:55,1190.01,2.0,sell,2017/03/01__11:35:55,null
2017/03/01__11:35:56:613,653210036,2017/03/01__11:35:55,1190.01,14.0,buy,2017/03/01__11:35:55,null
2017/03/01__11:35:56:613,653210058,2017/03/01__11:35:56,1190.02,1006.0,buy,2017/03/01__11:35:56,null
2017/03/01__11:35:57:517,653210066,2017/03/01__11:35:56,1190.0,8.0,sell,2017/03/01__11:35:56,null
2017/03/01__11:35:58:420,653210107,2017/03/01__11:35:57,1189.45,148.0,sell,2017/03/01__11:35:57,null
2017/03/01__11:35:59:630,653210141,2017/03/01__11:35:59,1189.45,72.0,sell,2017/03/01__11:35:59,null
2017/03/01__11:36:00:533,653210194,2017/03/01__11:36:00,1189.45,226.0,sell,2017/03/01__11:36:00,null
2017/03/01__11:36:02:645,653210233,2017/03/01__11:36:01,1188.88,448.0,sell,2017/03/01__11:36:01,null
2017/03/01__11:36:02:645,653210248,2017/03/01__11:36:02,1190.03,468.0,sell,2017/03/01__11:36:02,null
2017/03/01__11:36:03:557,653210262,2017/03/01__11:36:02,1190.01,2.0,buy,2017/03/01__11:36:02,null
2017/03/01__11:36:04:469,653210355,2017/03/01__11:36:04,1188.65,342.0,buy,2017/03/01__11:36:04,null
2017/03/01__11:36:05:968,653210368,2017/03/01__11:36:04,1189.98,4.0,buy,2017/03/01__11:36:04,null
2017/03/01__11:36:05:968,653210401,2017/03/01__11:36:05,1189.97,32.0,buy,2017/03/01__11:36:05,null
2017/03/01__11:36:07:091,653210451,2017/03/01__11:36:06,1190.61,52.0,buy,2017/03/01__11:36:06,null
2017/03/01__11:36:07:777,653210473,2017/03/01__11:36:07,1189.98,6.0,buy,2017/03/01__11:36:07,null
2017/03/01__11:36:08:983,653210534,2017/03/01__11:36:08,1190.63,8.0,sell,2017/03/01__11:36:08,null
2017/03/01__11:36:09:887,653210545,2017/03/01__11:36:09,1190.83,2.0,sell,2017/03/01__11:36:09,null
2017/03/01__11:36:11:696,653210622,2017/03/01__11:36:11,1190.85,6.0,buy,2017/03/01__11:36:11,null
2017/03/01__11:36:12:902,653210637,2017/03/01__11:36:12,1190.77,4.0,buy,2017/03/01__11:36:12,null
2017/03/01__11:36:15:010,653210700,2017/03/01__11:36:14,1190.83,4.0,sell,2017/03/01__11:36:14,null
2017/03/01__11:36:16:216,653210733,2017/03/01__11:36:15,1190.12,48.0,sell,2017/03/01__11:36:15,null
2017/03/01__11:36:18:024,653210813,2017/03/01__11:36:17,1190.84,12.0,buy,2017/03/01__11:36:17,null
2017/03/01__11:36:27:363,653211014,2017/03/01__11:36:26,1190.84,16.0,sell,2017/03/01__11:36:26,null
2017/03/01__11:36:32:191,653211127,2017/03/01__11:36:32,1190.84,260.0,sell,2017/03/01__11:36:32,null
2017/03/01__11:36:34:301,653211166,2017/03/01__11:36:34,1190.85,2.0,buy,2017/03/01__11:36:34,null
2017/03/01__11:36:35:206,653211194,2017/03/01__11:36:35,1190.85,28.0,buy,2017/03/01__11:36:35,null
2017/03/01__11:36:36:111,653211209,2017/03/01__11:36:36,1190.85,22.0,buy,2017/03/01__11:36:36,null
2017/03/01__11:36:38:523,653211244,2017/03/01__11:36:37,1190.85,2.0,buy,2017/03/01__11:36:37,null
2017/03/01__11:36:47:301,653211468,2017/03/01__11:36:47,1190.12,38.0,sell,2017/03/01__11:36:47,null
2017/03/01__11:36:55:456,653211684,2017/03/01__11:36:55,1190.8,40.0,buy,2017/03/01__11:36:55,null
2017/03/01__11:36:56:663,653211715,2017/03/01__11:36:56,1190.8,16.0,buy,2017/03/01__11:36:56,null
2017/03/01__11:36:57:869,653211736,2017/03/01__11:36:57,1190.8,38.0,buy,2017/03/01__11:36:57,null
2017/03/01__11:36:58:900,653211792,2017/03/01__11:36:58,1190.9,104.0,buy,2017/03/01__11:36:58,null
2017/03/01__11:36:59:679,653211802,2017/03/01__11:36:58,1191.1,2.0,buy,2017/03/01__11:36:58,null
2017/03/01__11:36:59:679,653211841,2017/03/01__11:36:59,1191.19,2.0,buy,2017/03/01__11:36:59,null
2017/03/01__11:37:00:887,653211866,2017/03/01__11:37:00,1191.05,10.0,buy,2017/03/01__11:37:00,null
2017/03/01__11:37:06:621,653212000,2017/03/01__11:37:05,1191.48,684.0,buy,2017/03/01__11:37:05,null
2017/03/01__11:37:07:828,653212049,2017/03/01__11:37:07,1191.91,40.0,buy,2017/03/01__11:37:07,null
2017/03/01__11:37:10:842,653212125,2017/03/01__11:37:10,1191.91,502.0,buy,2017/03/01__11:37:10,null
2017/03/01__11:37:12:952,653212208,2017/03/01__11:37:12,1192.93,86.0,buy,2017/03/01__11:37:12,null
2017/03/01__11:37:15:065,653212273,2017/03/01__11:37:14,1192.93,240.0,buy,2017/03/01__11:37:14,null
2017/03/01__11:37:22:310,653212474,2017/03/01__11:37:21,1192.93,40.0,buy,2017/03/01__11:37:21,null
2017/03/01__11:37:23:212,653212506,2017/03/01__11:37:22,1193.52,400.0,buy,2017/03/01__11:37:22,null
2017/03/01__11:37:24:116,653212558,2017/03/01__11:37:23,1192.51,22.0,sell,2017/03/01__11:37:23,null
2017/03/01__11:37:24:116,653212570,2017/03/01__11:37:24,1192.46,6.0,sell,2017/03/01__11:37:24,null
2017/03/01__11:37:25:326,653212605,2017/03/01__11:37:24,1193.51,20.0,buy,2017/03/01__11:37:24,null
2017/03/01__11:37:26:230,653212624,2017/03/01__11:37:25,1192.94,32.0,sell,2017/03/01__11:37:25,null
2017/03/01__11:37:26:230,653212658,2017/03/01__11:37:26,1192.95,8.0,sell,2017/03/01__11:37:26,null
2017/03/01__11:37:27:135,653212682,2017/03/01__11:37:27,1192.94,18.0,sell,2017/03/01__11:37:27,null
2017/03/01__11:37:29:554,653212729,2017/03/01__11:37:28,1192.94,46.0,sell,2017/03/01__11:37:28,null
2017/03/01__11:37:30:457,653212779,2017/03/01__11:37:29,1193.52,14.0,buy,2017/03/01__11:37:29,null
2017/03/01__11:37:36:803,653212956,2017/03/01__11:37:36,1193.0,6.0,sell,2017/03/01__11:37:36,null
2017/03/01__11:37:38:596,653213004,2017/03/01__11:37:38,1192.94,14.0,sell,2017/03/01__11:37:38,null
2017/03/01__11:37:39:499,653213035,2017/03/01__11:37:39,1192.94,62.0,sell,2017/03/01__11:37:39,null
2017/03/01__11:37:40:704,653213061,2017/03/01__11:37:39,1193.36,24.0,buy,2017/03/01__11:37:39,null
2017/03/01__11:37:41:618,653213098,2017/03/01__11:37:41,1192.93,14.0,buy,2017/03/01__11:37:41,null
2017/03/01__11:37:44:925,653213166,2017/03/01__11:37:43,1192.93,56.0,buy,2017/03/01__11:37:43,null
2017/03/01__11:37:46:737,653213245,2017/03/01__11:37:46,1193.37,80.0,buy,2017/03/01__11:37:46,null
2017/03/01__11:37:53:065,653213382,2017/03/01__11:37:52,1193.0,2.0,sell,2017/03/01__11:37:52,null
2017/03/01__11:37:53:971,653213422,2017/03/01__11:37:53,1193.0,50.0,sell,2017/03/01__11:37:53,null
2017/03/01__11:37:55:302,653213431,2017/03/01__11:37:54,1193.37,52.0,buy,2017/03/01__11:37:54,null
2017/03/01__11:37:56:080,653213474,2017/03/01__11:37:55,1193.49,2.0,sell,2017/03/01__11:37:55,null
2017/03/01__11:37:58:211,653213520,2017/03/01__11:37:57,1193.48,68.0,sell,2017/03/01__11:37:57,null
2017/03/01__11:38:00:299,653213564,2017/03/01__11:37:59,1193.48,26.0,sell,2017/03/01__11:37:59,null
2017/03/01__11:38:05:422,653213667,2017/03/01__11:38:04,1193.88,286.0,buy,2017/03/01__11:38:04,null
2017/03/01__11:38:09:674,653213770,2017/03/01__11:38:09,1193.95,4.0,buy,2017/03/01__11:38:09,null
2017/03/01__11:38:17:522,653213943,2017/03/01__11:38:17,1193.71,10.0,sell,2017/03/01__11:38:17,null
2017/03/01__11:38:41:324,653214258,2017/03/01__11:38:40,1194.0,106.0,buy,2017/03/01__11:38:40,null
2017/03/01__11:38:44:031,653214317,2017/03/01__11:38:43,1193.84,8.0,buy,2017/03/01__11:38:43,null
2017/03/01__11:38:58:513,653214569,2017/03/01__11:38:58,1194.0,10.0,buy,2017/03/01__11:38:58,null
2017/03/01__11:39:02:434,653214618,2017/03/01__11:39:01,1194.0,158.0,buy,2017/03/01__11:39:01,null
2017/03/01__11:39:12:713,653214781,2017/03/01__11:39:11,1194.0,400.0,buy,2017/03/01__11:39:11,null
2017/03/01__11:39:14:813,653214831,2017/03/01__11:39:14,1193.84,14.0,buy,2017/03/01__11:39:14,null
2017/03/01__11:39:40:444,653215182,2017/03/01__11:39:40,1193.83,10.0,sell,2017/03/01__11:39:40,null
2017/03/01__11:39:44:362,653215239,2017/03/01__11:39:44,1193.83,6.0,sell,2017/03/01__11:39:44,null
2017/03/01__11:39:50:715,653215380,2017/03/01__11:39:50,1193.88,10.0,buy,2017/03/01__11:39:50,null
2017/03/01__11:39:54:649,653215452,2017/03/01__11:39:53,1193.83,82.0,sell,2017/03/01__11:39:53,null
2017/03/01__11:40:10:336,653215779,2017/03/01__11:40:10,1193.92,14.0,sell,2017/03/01__11:40:10,null
2017/03/01__11:40:16:065,653215895,2017/03/01__11:40:15,1193.76,20.0,sell,2017/03/01__11:40:15,null
2017/03/01__11:40:31:782,653216209,2017/03/01__11:40:31,1193.87,16.0,sell,2017/03/01__11:40:31,null
2017/03/01__11:40:37:520,653216330,2017/03/01__11:40:37,1193.01,2.0,sell,2017/03/01__11:40:37,null
2017/03/01__11:40:53:220,653216584,2017/03/01__11:40:52,1193.52,20.0,sell,2017/03/01__11:40:52,null
2017/03/01__11:41:03:493,653216744,2017/03/01__11:41:02,1193.52,16.0,sell,2017/03/01__11:41:02,null
2017/03/01__11:41:10:720,653216863,2017/03/01__11:41:09,1193.75,16.0,buy,2017/03/01__11:41:09,null
2017/03/01__11:41:33:036,653217337,2017/03/01__11:41:32,1193.0,400.0,sell,2017/03/01__11:41:32,null
2017/03/01__11:41:58:682,653217877,2017/03/01__11:41:58,1193.0,200.0,sell,2017/03/01__11:41:58,null
2017/03/01__11:42:02:606,653217955,2017/03/01__11:42:02,1193.37,16.0,sell,2017/03/01__11:42:02,null
2017/03/01__11:42:11:086,653218141,2017/03/01__11:42:10,1193.0,100.0,sell,2017/03/01__11:42:10,null
2017/03/01__11:42:33:397,653218569,2017/03/01__11:42:32,1193.37,14.0,buy,2017/03/01__11:42:32,null
2017/03/01__11:42:37:334,653218654,2017/03/01__11:42:36,1193.75,20.0,buy,2017/03/01__11:42:36,null
2017/03/01__11:42:40:649,653218711,2017/03/01__11:42:39,1193.74,10.0,sell,2017/03/01__11:42:39,null
2017/03/01__11:42:41:555,653218729,2017/03/01__11:42:40,1193.75,4.0,buy,2017/03/01__11:42:40,null
2017/03/01__11:42:42:475,653218756,2017/03/01__11:42:42,1193.75,4.0,buy,2017/03/01__11:42:42,null
2017/03/01__11:42:55:726,653219001,2017/03/01__11:42:54,1193.74,4.0,sell,2017/03/01__11:42:54,null
2017/03/01__11:43:11:126,653219296,2017/03/01__11:43:10,1193.74,6.0,sell,2017/03/01__11:43:10,null
2017/03/01__11:43:23:504,653219489,2017/03/01__11:43:23,1193.54,2.0,sell,2017/03/01__11:43:23,null
2017/03/01__11:43:24:409,653219502,2017/03/01__11:43:23,1193.54,2.0,sell,2017/03/01__11:43:23,null
2017/03/01__11:43:24:409,653219515,2017/03/01__11:43:24,1193.72,2.0,buy,2017/03/01__11:43:24,null
2017/03/01__11:43:26:518,653219552,2017/03/01__11:43:25,1193.7,2.0,buy,2017/03/01__11:43:25,null
2017/03/01__11:43:26:518,653219571,2017/03/01__11:43:26,1193.36,12.0,sell,2017/03/01__11:43:26,null
2017/03/01__11:43:40:685,653219884,2017/03/01__11:43:39,1193.0,4.0,sell,2017/03/01__11:43:39,null
2017/03/01__11:43:43:699,653219972,2017/03/01__11:43:43,1193.0,850.0,sell,2017/03/01__11:43:43,null
2017/03/01__11:43:45:808,653220017,2017/03/01__11:43:45,1193.0,552.0,sell,2017/03/01__11:43:45,null
2017/03/01__11:43:46:721,653220062,2017/03/01__11:43:46,1192.99,2.0,buy,2017/03/01__11:43:46,null
2017/03/01__11:43:50:931,653220136,2017/03/01__11:43:50,1192.99,70.0,buy,2017/03/01__11:43:50,null
2017/03/01__11:43:56:060,653220228,2017/03/01__11:43:55,1192.94,18.0,sell,2017/03/01__11:43:55,null
2017/03/01__11:44:02:099,653220324,2017/03/01__11:44:01,1192.94,122.0,sell,2017/03/01__11:44:01,null
2017/03/01__11:44:02:099,653220352,2017/03/01__11:44:02,1192.13,190.0,sell,2017/03/01__11:44:02,null
2017/03/01__11:44:11:445,653220553,2017/03/01__11:44:10,1192.94,50.0,buy,2017/03/01__11:44:10,null
2017/03/01__11:44:12:350,653220613,2017/03/01__11:44:12,1192.94,14.0,buy,2017/03/01__11:44:12,null
2017/03/01__11:44:29:832,653220945,2017/03/01__11:44:29,1192.94,38.0,buy,2017/03/01__11:44:29,null
2017/03/01__11:44:30:736,653220970,2017/03/01__11:44:30,1192.95,10.0,buy,2017/03/01__11:44:30,null
2017/03/01__11:44:35:861,653221072,2017/03/01__11:44:35,1192.99,34.0,buy,2017/03/01__11:44:35,null
2017/03/01__11:44:38:875,653221139,2017/03/01__11:44:38,1192.99,12.0,buy,2017/03/01__11:44:38,null
2017/03/01__11:45:00:908,653221606,2017/03/01__11:45:00,1193.0,124.0,sell,2017/03/01__11:45:00,null
2017/03/01__11:45:15:088,653221948,2017/03/01__11:45:14,1192.67,2.0,buy,2017/03/01__11:45:14,null
2017/03/01__11:45:44:931,653222581,2017/03/01__11:45:44,1192.59,10.0,sell,2017/03/01__11:45:44,null
2017/03/01__11:45:59:402,653222876,2017/03/01__11:45:58,1192.94,8.0,buy,2017/03/01__11:45:58,null
2017/03/01__11:46:09:345,653223059,2017/03/01__11:46:08,1192.94,4.0,buy,2017/03/01__11:46:08,null
2017/03/01__11:46:13:568,653223148,2017/03/01__11:46:12,1192.64,6.0,sell,2017/03/01__11:46:12,null
2017/03/01__11:46:31:975,653223510,2017/03/01__11:46:31,1192.44,2.0,sell,2017/03/01__11:46:31,null
2017/03/01__11:46:34:988,653223571,2017/03/01__11:46:34,1192.68,12.0,buy,2017/03/01__11:46:34,null
2017/03/01__11:46:36:194,653223586,2017/03/01__11:46:35,1192.9,6.0,buy,2017/03/01__11:46:35,null
2017/03/01__11:46:38:912,653223667,2017/03/01__11:46:38,1192.0,1558.0,sell,2017/03/01__11:46:38,null
2017/03/01__11:46:41:139,653223732,2017/03/01__11:46:41,1192.93,16.0,buy,2017/03/01__11:46:41,null
2017/03/01__11:46:44:337,653223789,2017/03/01__11:46:43,1192.93,82.0,buy,2017/03/01__11:46:43,null
2017/03/01__11:47:02:426,653224187,2017/03/01__11:47:02,1192.93,106.0,buy,2017/03/01__11:47:02,null
2017/03/01__11:47:11:790,653224355,2017/03/01__11:47:11,1192.14,2.0,sell,2017/03/01__11:47:11,null
2017/03/01__11:47:19:943,653224538,2017/03/01__11:47:19,1192.23,6.0,sell,2017/03/01__11:47:19,null
2017/03/01__11:47:21:138,653224542,2017/03/01__11:47:20,1192.23,4.0,buy,2017/03/01__11:47:20,null
2017/03/01__11:47:30:189,653224681,2017/03/01__11:47:29,1192.58,8.0,buy,2017/03/01__11:47:29,null
2017/03/01__11:47:39:528,653224879,2017/03/01__11:47:39,1192.21,22.0,sell,2017/03/01__11:47:39,null
2017/03/01__11:48:19:322,653225588,2017/03/01__11:48:18,1192.21,118.0,sell,2017/03/01__11:48:18,null
2017/03/01__11:48:22:035,653225662,2017/03/01__11:48:21,1192.21,78.0,sell,2017/03/01__11:48:21,null
2017/03/01__11:48:22:939,653225684,2017/03/01__11:48:22,1192.55,12.0,sell,2017/03/01__11:48:22,null
2017/03/01__11:48:24:146,653225724,2017/03/01__11:48:23,1192.89,2.0,buy,2017/03/01__11:48:23,null
2017/03/01__11:48:45:890,653226209,2017/03/01__11:48:45,1192.22,18.0,sell,2017/03/01__11:48:45,null
2017/03/01__11:48:52:820,653226401,2017/03/01__11:48:52,1192.21,22.0,sell,2017/03/01__11:48:52,null
2017/03/01__11:48:54:628,653226458,2017/03/01__11:48:54,1192.21,26.0,sell,2017/03/01__11:48:54,null
2017/03/01__11:48:56:135,653226496,2017/03/01__11:48:55,1192.21,100.0,sell,2017/03/01__11:48:55,null
2017/03/01__11:49:00:957,653226628,2017/03/01__11:49:00,1192.22,64.0,buy,2017/03/01__11:49:00,null
2017/03/01__11:49:01:860,653226665,2017/03/01__11:49:01,1192.22,144.0,buy,2017/03/01__11:49:01,null
2017/03/01__11:49:01:860,653226677,2017/03/01__11:49:02,1192.22,2.0,buy,2017/03/01__11:49:02,null
2017/03/01__11:49:03:969,653226728,2017/03/01__11:49:03,1192.25,100.0,buy,2017/03/01__11:49:03,null
2017/03/01__11:49:05:175,653226770,2017/03/01__11:49:05,1192.25,24.0,buy,2017/03/01__11:49:05,null
2017/03/01__11:49:08:206,653226845,2017/03/01__11:49:07,1192.24,6.0,sell,2017/03/01__11:49:07,null
2017/03/01__11:49:15:447,653226991,2017/03/01__11:49:14,1192.25,70.0,buy,2017/03/01__11:49:14,null
2017/03/01__11:49:19:397,653227090,2017/03/01__11:49:18,1192.61,62.0,sell,2017/03/01__11:49:18,null
2017/03/01__11:49:21:497,653227150,2017/03/01__11:49:20,1192.89,2.0,buy,2017/03/01__11:49:20,null
2017/03/01__11:49:24:510,653227221,2017/03/01__11:49:23,1192.85,2.0,buy,2017/03/01__11:49:23,null
2017/03/01__11:49:26:622,653227295,2017/03/01__11:49:26,1192.21,400.0,sell,2017/03/01__11:49:26,null
2017/03/01__11:49:28:730,653227336,2017/03/01__11:49:28,1192.21,142.0,sell,2017/03/01__11:49:28,null
2017/03/01__11:49:31:441,653227413,2017/03/01__11:49:31,1192.84,4.0,buy,2017/03/01__11:49:31,null
2017/03/01__11:49:32:648,653227421,2017/03/01__11:49:32,1192.53,10.0,sell,2017/03/01__11:49:32,null
2017/03/01__11:49:41:715,653227610,2017/03/01__11:49:41,1192.84,8.0,buy,2017/03/01__11:49:41,null
2017/03/01__11:49:48:058,653227748,2017/03/01__11:49:47,1193.19,6.0,buy,2017/03/01__11:49:47,null
2017/03/01__11:49:50:171,653227803,2017/03/01__11:49:49,1192.9,14.0,sell,2017/03/01__11:49:49,null
2017/03/01__11:50:04:334,653228154,2017/03/01__11:50:04,1192.98,6.0,buy,2017/03/01__11:50:04,null
2017/03/01__11:50:16:690,653228452,2017/03/01__11:50:16,1193.2,24.0,buy,2017/03/01__11:50:16,null
2017/03/01__11:50:30:034,653228768,2017/03/01__11:50:28,1193.1,22.0,buy,2017/03/01__11:50:28,null
2017/03/01__11:50:42:047,653229087,2017/03/01__11:50:41,1193.1,4.0,buy,2017/03/01__11:50:41,null
2017/03/01__11:50:44:166,653229137,2017/03/01__11:50:43,1193.22,16.0,buy,2017/03/01__11:50:43,null
2017/03/01__11:50:50:194,653229300,2017/03/01__11:50:50,1193.22,6.0,buy,2017/03/01__11:50:50,null
2017/03/01__11:50:59:553,653229504,2017/03/01__11:50:58,1193.3,4.0,buy,2017/03/01__11:50:58,null
2017/03/01__11:51:10:154,653229717,2017/03/01__11:51:08,1193.35,12.0,buy,2017/03/01__11:51:08,null
2017/03/01__11:51:30:030,653230131,2017/03/01__11:51:29,1193.37,62.0,buy,2017/03/01__11:51:29,null
2017/03/01__11:51:50:851,653230515,2017/03/01__11:51:49,1193.5,6.0,buy,2017/03/01__11:51:49,null
2017/03/01__11:51:51:752,653230543,2017/03/01__11:51:51,1193.44,10.0,buy,2017/03/01__11:51:51,null
2017/03/01__11:51:52:650,653230559,2017/03/01__11:51:51,1193.5,10.0,buy,2017/03/01__11:51:51,null
2017/03/01__11:52:01:992,653230742,2017/03/01__11:52:01,1193.6,18.0,sell,2017/03/01__11:52:01,null
2017/03/01__11:52:06:211,653230816,2017/03/01__11:52:05,1193.73,176.0,buy,2017/03/01__11:52:05,null
2017/03/01__11:52:14:348,653231024,2017/03/01__11:52:13,1193.7,28.0,buy,2017/03/01__11:52:13,null
2017/03/01__11:52:22:479,653231234,2017/03/01__11:52:22,1193.74,414.0,buy,2017/03/01__11:52:22,null
2017/03/01__11:52:31:830,653231412,2017/03/01__11:52:31,1193.7,8.0,buy,2017/03/01__11:52:31,null
2017/03/01__11:52:33:638,653231437,2017/03/01__11:52:33,1193.7,22.0,buy,2017/03/01__11:52:33,null
2017/03/01__11:52:37:864,653231512,2017/03/01__11:52:37,1193.73,18.0,buy,2017/03/01__11:52:37,null
2017/03/01__11:52:40:879,653231564,2017/03/01__11:52:40,1193.98,4.0,buy,2017/03/01__11:52:40,null
2017/03/01__11:52:41:783,653231575,2017/03/01__11:52:41,1193.98,14.0,buy,2017/03/01__11:52:41,null
2017/03/01__11:52:53:243,653231786,2017/03/01__11:52:53,1193.75,16.0,sell,2017/03/01__11:52:53,null
2017/03/01__11:52:54:148,653231804,2017/03/01__11:52:53,1193.95,62.0,buy,2017/03/01__11:52:53,null
2017/03/01__11:53:11:035,653232126,2017/03/01__11:53:10,1193.9,200.0,buy,2017/03/01__11:53:10,null
2017/03/01__11:53:11:938,653232163,2017/03/01__11:53:11,1193.96,132.0,sell,2017/03/01__11:53:11,null
2017/03/01__11:53:14:051,653232226,2017/03/01__11:53:13,1193.63,8.0,buy,2017/03/01__11:53:13,null
2017/03/01__11:53:19:177,653232342,2017/03/01__11:53:18,1193.45,10.0,sell,2017/03/01__11:53:18,null
2017/03/01__11:53:20:110,653232373,2017/03/01__11:53:19,1193.4,4.0,sell,2017/03/01__11:53:19,null
2017/03/01__11:53:24:010,653232469,2017/03/01__11:53:23,1193.81,114.0,buy,2017/03/01__11:53:23,null
2017/03/01__11:53:33:362,653232674,2017/03/01__11:53:32,1193.96,24.0,sell,2017/03/01__11:53:32,null
2017/03/01__11:53:47:529,653232966,2017/03/01__11:53:47,1193.94,40.0,sell,2017/03/01__11:53:47,null
2017/03/01__11:54:05:015,653233288,2017/03/01__11:54:04,1193.95,4.0,buy,2017/03/01__11:54:04,null
2017/03/01__11:54:08:934,653233393,2017/03/01__11:54:08,1193.94,2.0,sell,2017/03/01__11:54:08,null
2017/03/01__11:54:10:141,653233399,2017/03/01__11:54:09,1193.95,2.0,buy,2017/03/01__11:54:09,null
2017/03/01__11:54:12:252,653233461,2017/03/01__11:54:12,1193.94,2.0,sell,2017/03/01__11:54:12,null
2017/03/01__11:54:13:458,653233487,2017/03/01__11:54:13,1193.94,10.0,sell,2017/03/01__11:54:13,null
2017/03/01__11:54:14:361,653233508,2017/03/01__11:54:13,1193.94,20.0,sell,2017/03/01__11:54:13,null
2017/03/01__11:54:14:361,653233516,2017/03/01__11:54:14,1193.94,10.0,sell,2017/03/01__11:54:14,null
2017/03/01__11:54:15:567,653233529,2017/03/01__11:54:14,1193.94,20.0,sell,2017/03/01__11:54:14,null
2017/03/01__11:54:20:394,653233693,2017/03/01__11:54:20,1193.94,16.0,sell,2017/03/01__11:54:20,null
2017/03/01__11:54:21:601,653233702,2017/03/01__11:54:20,1193.94,6.0,sell,2017/03/01__11:54:20,null
2017/03/01__11:54:51:461,653234372,2017/03/01__11:54:50,1193.68,4.0,sell,2017/03/01__11:54:50,null
2017/03/01__11:55:05:079,653234680,2017/03/01__11:55:04,1193.98,282.0,buy,2017/03/01__11:55:04,null
2017/03/01__11:55:06:888,653234747,2017/03/01__11:55:06,1193.7,8.0,buy,2017/03/01__11:55:06,null
2017/03/01__11:55:09:009,653234794,2017/03/01__11:55:08,1193.98,252.0,buy,2017/03/01__11:55:08,null
2017/03/01__11:55:09:913,653234819,2017/03/01__11:55:09,1194.0,8.0,sell,2017/03/01__11:55:09,null
2017/03/01__11:55:10:842,653234855,2017/03/01__11:55:10,1193.74,40.0,sell,2017/03/01__11:55:10,null
2017/03/01__11:55:37:385,653235390,2017/03/01__11:55:36,1193.55,4.0,sell,2017/03/01__11:55:36,null
2017/03/01__11:55:39:571,653235454,2017/03/01__11:55:39,1193.76,8.0,buy,2017/03/01__11:55:39,null
2017/03/01__11:56:05:139,653236052,2017/03/01__11:56:04,1193.95,10.0,buy,2017/03/01__11:56:04,null
2017/03/01__11:56:10:261,653236131,2017/03/01__11:56:09,1193.95,26.0,buy,2017/03/01__11:56:09,null
2017/03/01__11:56:11:165,653236177,2017/03/01__11:56:10,1194.39,104.0,buy,2017/03/01__11:56:10,null
2017/03/01__11:56:12:374,653236213,2017/03/01__11:56:11,1194.82,62.0,buy,2017/03/01__11:56:11,null
2017/03/01__11:56:12:374,653236234,2017/03/01__11:56:12,1194.82,44.0,sell,2017/03/01__11:56:12,null
2017/03/01__11:56:13:285,653236258,2017/03/01__11:56:12,1194.81,36.0,sell,2017/03/01__11:56:12,null
2017/03/01__11:56:13:285,653236271,2017/03/01__11:56:13,1194.85,22.0,buy,2017/03/01__11:56:13,null
2017/03/01__11:56:14:183,653236291,2017/03/01__11:56:13,1194.85,68.0,sell,2017/03/01__11:56:13,null
2017/03/01__11:56:14:183,653236299,2017/03/01__11:56:14,1194.84,8.0,buy,2017/03/01__11:56:14,null
2017/03/01__11:56:15:389,653236309,2017/03/01__11:56:14,1194.84,28.0,buy,2017/03/01__11:56:14,null
2017/03/01__11:56:15:389,653236330,2017/03/01__11:56:15,1194.85,6.0,buy,2017/03/01__11:56:15,null
2017/03/01__11:56:17:500,653236356,2017/03/01__11:56:16,1194.85,12.0,buy,2017/03/01__11:56:16,null
2017/03/01__11:56:18:402,653236381,2017/03/01__11:56:17,1194.85,8.0,buy,2017/03/01__11:56:17,null
2017/03/01__11:56:18:402,653236393,2017/03/01__11:56:18,1194.84,6.0,sell,2017/03/01__11:56:18,null
2017/03/01__11:56:22:622,653236485,2017/03/01__11:56:22,1194.85,20.0,buy,2017/03/01__11:56:22,null
2017/03/01__11:56:23:527,653236494,2017/03/01__11:56:22,1194.84,28.0,sell,2017/03/01__11:56:22,null
2017/03/01__11:56:24:440,653236534,2017/03/01__11:56:24,1194.84,20.0,sell,2017/03/01__11:56:24,null
2017/03/01__11:56:38:911,653236787,2017/03/01__11:56:38,1194.81,52.0,sell,2017/03/01__11:56:38,null
2017/03/01__11:56:39:817,653236807,2017/03/01__11:56:39,1194.81,150.0,sell,2017/03/01__11:56:39,null
2017/03/01__11:56:50:109,653237059,2017/03/01__11:56:49,1194.58,8.0,sell,2017/03/01__11:56:49,null
2017/03/01__11:57:09:650,653237475,2017/03/01__11:57:08,1194.39,48.0,sell,2017/03/01__11:57:08,null
2017/03/01__11:57:15:694,653237634,2017/03/01__11:57:15,1193.95,2.0,sell,2017/03/01__11:57:15,null
2017/03/01__11:57:20:822,653237747,2017/03/01__11:57:19,1194.17,8.0,buy,2017/03/01__11:57:19,null
2017/03/01__11:57:22:939,653237800,2017/03/01__11:57:22,1193.95,46.0,sell,2017/03/01__11:57:22,null
2017/03/01__11:58:04:921,653238835,2017/03/01__11:58:04,1194.18,6.0,buy,2017/03/01__11:58:04,null
2017/03/01__11:58:07:884,653238905,2017/03/01__11:58:07,1194.07,8.0,sell,2017/03/01__11:58:07,null
2017/03/01__11:58:28:697,653239341,2017/03/01__11:58:27,1194.07,8.0,buy,2017/03/01__11:58:27,null
2017/03/01__11:58:49:199,653239807,2017/03/01__11:58:48,1194.06,18.0,buy,2017/03/01__11:58:48,null
2017/03/01__11:58:57:335,653240005,2017/03/01__11:58:57,1193.2,150.0,sell,2017/03/01__11:58:57,null
2017/03/01__11:59:07:583,653240266,2017/03/01__11:59:07,1193.6,12.0,buy,2017/03/01__11:59:07,null
2017/03/01__11:59:51:634,653241095,2017/03/01__11:59:50,1193.61,6.0,buy,2017/03/01__11:59:50,null
2017/03/01__12:00:52:915,653242355,2017/03/01__12:00:52,1192.47,54.0,sell,2017/03/01__12:00:52,null
2017/03/01__12:01:07:406,653242702,2017/03/01__12:01:07,1193.25,14.0,sell,2017/03/01__12:01:07,null
2017/03/01__12:01:11:307,653242808,2017/03/01__12:01:11,1193.25,2.0,sell,2017/03/01__12:01:11,null
2017/03/01__12:01:22:760,653243050,2017/03/01__12:01:22,1192.5,4.0,sell,2017/03/01__12:01:22,null
2017/03/01__12:01:33:013,653243275,2017/03/01__12:01:32,1192.65,4.0,sell,2017/03/01__12:01:32,null
2017/03/01__12:01:46:586,653243552,2017/03/01__12:01:46,1193.37,6.0,buy,2017/03/01__12:01:46,null
2017/03/01__12:02:07:073,653244000,2017/03/01__12:02:07,1193.04,2.0,buy,2017/03/01__12:02:07,null
2017/03/01__12:02:07:976,653244029,2017/03/01__12:02:08,1192.66,4.0,sell,2017/03/01__12:02:08,null
2017/03/01__12:02:16:116,653244231,2017/03/01__12:02:15,1192.65,272.0,sell,2017/03/01__12:02:15,null
2017/03/01__12:02:18:544,653244268,2017/03/01__12:02:17,1193.04,22.0,buy,2017/03/01__12:02:17,null
2017/03/01__12:02:19:751,653244300,2017/03/01__12:02:18,1193.04,48.0,buy,2017/03/01__12:02:18,null
2017/03/01__12:02:26:734,653244474,2017/03/01__12:02:25,1193.04,2.0,buy,2017/03/01__12:02:25,null
2017/03/01__12:02:40:306,653244724,2017/03/01__12:02:39,1192.9,14.0,buy,2017/03/01__12:02:39,null
2017/03/01__12:02:42:416,653244771,2017/03/01__12:02:41,1192.65,16.0,sell,2017/03/01__12:02:41,null
2017/03/01__12:02:59:295,653245056,2017/03/01__12:02:58,1192.85,10.0,buy,2017/03/01__12:02:58,null
2017/03/01__12:03:27:949,653245730,2017/03/01__12:03:27,1192.93,412.0,buy,2017/03/01__12:03:27,null
2017/03/01__12:03:32:170,653245854,2017/03/01__12:03:32,1192.96,2.0,sell,2017/03/01__12:03:32,null
2017/03/01__12:03:52:671,653246245,2017/03/01__12:03:51,1193.32,8.0,sell,2017/03/01__12:03:51,null
2017/03/01__12:04:08:947,653246574,2017/03/01__12:04:08,1193.32,14.0,sell,2017/03/01__12:04:08,null
2017/03/01__12:04:40:004,653247259,2017/03/01__12:04:39,1193.39,6.0,sell,2017/03/01__12:04:39,null
2017/03/01__12:05:17:089,653248111,2017/03/01__12:05:16,1193.61,12.0,buy,2017/03/01__12:05:16,null
2017/03/01__12:05:30:369,653248419,2017/03/01__12:05:29,1193.67,4.0,sell,2017/03/01__12:05:29,null
2017/03/01__12:05:30:369,653248430,2017/03/01__12:05:30,1193.67,4.0,sell,2017/03/01__12:05:30,null
2017/03/01__12:05:31:576,653248441,2017/03/01__12:05:30,1193.67,4.0,sell,2017/03/01__12:05:30,null
2017/03/01__12:05:50:862,653248814,2017/03/01__12:05:50,1193.79,14.0,buy,2017/03/01__12:05:50,null
2017/03/01__12:06:05:341,653249113,2017/03/01__12:06:04,1193.67,24.0,sell,2017/03/01__12:06:04,null
2017/03/01__12:06:21:618,653249533,2017/03/01__12:06:21,1193.78,8.0,buy,2017/03/01__12:06:21,null
2017/03/01__12:06:22:521,653249552,2017/03/01__12:06:22,1193.67,4.0,sell,2017/03/01__12:06:22,null
2017/03/01__12:06:32:797,653249764,2017/03/01__12:06:32,1193.67,182.0,sell,2017/03/01__12:06:32,null
2017/03/01__12:07:01:469,653250402,2017/03/01__12:07:00,1193.65,10.0,buy,2017/03/01__12:07:00,null
2017/03/01__12:07:01:469,653250423,2017/03/01__12:07:01,1193.85,2.0,buy,2017/03/01__12:07:01,null
2017/03/01__12:07:13:862,653250679,2017/03/01__12:07:13,1193.89,8.0,sell,2017/03/01__12:07:13,null
2017/03/01__12:07:17:765,653250756,2017/03/01__12:07:17,1193.9,2.0,buy,2017/03/01__12:07:17,null
2017/03/01__12:07:18:667,653250783,2017/03/01__12:07:18,1193.88,320.0,sell,2017/03/01__12:07:18,null
2017/03/01__12:07:20:175,653250812,2017/03/01__12:07:19,1193.9,34.0,buy,2017/03/01__12:07:19,null
2017/03/01__12:07:21:984,653250857,2017/03/01__12:07:21,1193.9,2.0,buy,2017/03/01__12:07:21,null
2017/03/01__12:07:48:828,653251454,2017/03/01__12:07:48,1193.68,10.0,sell,2017/03/01__12:07:48,null
2017/03/01__12:08:17:203,653252061,2017/03/01__12:08:17,1193.52,126.0,sell,2017/03/01__12:08:17,null
2017/03/01__12:08:20:511,653252156,2017/03/01__12:08:20,1193.69,10.0,buy,2017/03/01__12:08:20,null
2017/03/01__12:08:36:829,653252555,2017/03/01__12:08:36,1193.88,22.0,buy,2017/03/01__12:08:36,null
2017/03/01__12:08:37:736,653252600,2017/03/01__12:08:37,1193.7,16.0,sell,2017/03/01__12:08:37,null
2017/03/01__12:09:24:192,653253568,2017/03/01__12:09:23,1193.56,6.0,sell,2017/03/01__12:09:23,null
2017/03/01__12:09:58:884,653254186,2017/03/01__12:09:58,1193.8,44.0,buy,2017/03/01__12:09:58,null
2017/03/01__12:10:00:994,653254223,2017/03/01__12:10:00,1193.56,6.0,sell,2017/03/01__12:10:00,null
2017/03/01__12:10:18:499,653254608,2017/03/01__12:10:18,1193.68,8.0,buy,2017/03/01__12:10:18,null
2017/03/01__12:10:27:546,653254824,2017/03/01__12:10:27,1193.56,10.0,sell,2017/03/01__12:10:27,null
2017/03/01__12:10:37:847,653255029,2017/03/01__12:10:37,1193.55,52.0,buy,2017/03/01__12:10:37,null
2017/03/01__12:10:38:754,653255050,2017/03/01__12:10:38,1193.54,4.0,buy,2017/03/01__12:10:38,null
2017/03/01__12:11:00:462,653255457,2017/03/01__12:10:59,1193.37,254.0,sell,2017/03/01__12:10:59,null
2017/03/01__12:11:14:347,653255793,2017/03/01__12:11:14,1193.08,8.0,sell,2017/03/01__12:11:14,null
2017/03/01__12:11:18:565,653255881,2017/03/01__12:11:17,1193.23,4.0,buy,2017/03/01__12:11:17,null
2017/03/01__12:11:39:365,653256391,2017/03/01__12:11:39,1193.23,16.0,sell,2017/03/01__12:11:39,null
2017/03/01__12:11:56:873,653256725,2017/03/01__12:11:56,1193.18,4.0,buy,2017/03/01__12:11:56,null
2017/03/01__12:12:02:596,653256857,2017/03/01__12:12:01,1192.94,276.0,sell,2017/03/01__12:12:01,null
2017/03/01__12:12:13:810,653257055,2017/03/01__12:12:13,1192.94,10.0,sell,2017/03/01__12:12:13,null
2017/03/01__12:12:16:221,653257113,2017/03/01__12:12:15,1192.94,24.0,sell,2017/03/01__12:12:15,null
2017/03/01__12:12:21:044,653257233,2017/03/01__12:12:20,1192.93,118.0,buy,2017/03/01__12:12:20,null
2017/03/01__12:12:21:950,653257258,2017/03/01__12:12:21,1192.79,10.0,buy,2017/03/01__12:12:21,null
2017/03/01__12:12:23:173,653257283,2017/03/01__12:12:22,1192.65,24.0,sell,2017/03/01__12:12:22,null
2017/03/01__12:12:26:194,653257351,2017/03/01__12:12:25,1192.65,10.0,sell,2017/03/01__12:12:25,null
2017/03/01__12:12:30:109,653257458,2017/03/01__12:12:30,1192.65,30.0,sell,2017/03/01__12:12:30,null
2017/03/01__12:12:55:726,653257960,2017/03/01__12:12:54,1192.93,60.0,buy,2017/03/01__12:12:54,null
2017/03/01__12:13:11:110,653258305,2017/03/01__12:13:11,1192.79,8.0,buy,2017/03/01__12:13:11,null
2017/03/01__12:13:33:729,653258706,2017/03/01__12:13:33,1192.93,142.0,buy,2017/03/01__12:13:33,null
2017/03/01__12:14:04:244,653259383,2017/03/01__12:14:04,1192.81,2.0,sell,2017/03/01__12:14:04,null
2017/03/01__12:14:42:240,653260139,2017/03/01__12:14:41,1192.81,6.0,sell,2017/03/01__12:14:41,null
2017/03/01__12:15:03:658,653260624,2017/03/01__12:15:03,1192.65,136.0,sell,2017/03/01__12:15:03,null
2017/03/01__12:15:04:865,653260657,2017/03/01__12:15:04,1192.78,78.0,sell,2017/03/01__12:15:04,null
2017/03/01__12:15:22:082,653261007,2017/03/01__12:15:21,1192.65,8.0,sell,2017/03/01__12:15:21,null
2017/03/01__12:15:29:320,653261175,2017/03/01__12:15:29,1192.79,118.0,buy,2017/03/01__12:15:29,null
2017/03/01__12:15:37:758,653261354,2017/03/01__12:15:37,1193.67,432.0,buy,2017/03/01__12:15:37,null
2017/03/01__12:15:51:033,653261701,2017/03/01__12:15:50,1194.0,2.0,buy,2017/03/01__12:15:50,null
2017/03/01__12:15:56:501,653261807,2017/03/01__12:15:55,1193.9,84.0,buy,2017/03/01__12:15:55,null
2017/03/01__12:15:58:309,653261852,2017/03/01__12:15:57,1194.0,40.0,buy,2017/03/01__12:15:57,null
2017/03/01__12:16:00:422,653261886,2017/03/01__12:16:00,1194.0,158.0,buy,2017/03/01__12:16:00,null
2017/03/01__12:16:22:173,653262327,2017/03/01__12:16:21,1194.07,200.0,buy,2017/03/01__12:16:21,null
2017/03/01__12:16:33:321,653262538,2017/03/01__12:16:32,1194.05,12.0,buy,2017/03/01__12:16:32,null
2017/03/01__12:16:39:352,653262670,2017/03/01__12:16:38,1194.04,118.0,buy,2017/03/01__12:16:38,null
2017/03/01__12:16:42:699,653262731,2017/03/01__12:16:42,1194.07,42.0,buy,2017/03/01__12:16:42,null
2017/03/01__12:17:00:818,653263151,2017/03/01__12:17:00,1194.0,70.0,sell,2017/03/01__12:17:00,null
2017/03/01__12:17:07:154,653263316,2017/03/01__12:17:07,1194.04,114.0,sell,2017/03/01__12:17:07,null
2017/03/01__12:17:08:058,653263341,2017/03/01__12:17:07,1194.07,288.0,buy,2017/03/01__12:17:07,null
2017/03/01__12:17:22:537,653263633,2017/03/01__12:17:21,1194.0,70.0,sell,2017/03/01__12:17:21,null
2017/03/01__12:17:28:563,653263762,2017/03/01__12:17:28,1194.04,36.0,sell,2017/03/01__12:17:28,null
2017/03/01__12:17:45:148,653264009,2017/03/01__12:17:44,1194.07,86.0,buy,2017/03/01__12:17:44,null
2017/03/01__12:17:54:197,653264199,2017/03/01__12:17:53,1194.39,1188.0,buy,2017/03/01__12:17:53,null
2017/03/01__12:18:09:588,653264508,2017/03/01__12:18:08,1194.66,12.0,buy,2017/03/01__12:18:08,null
2017/03/01__12:18:10:513,653264536,2017/03/01__12:18:10,1194.39,16.0,sell,2017/03/01__12:18:10,null
2017/03/01__12:18:17:765,653264692,2017/03/01__12:18:16,1194.39,2.0,sell,2017/03/01__12:18:16,null
2017/03/01__12:18:18:669,653264718,2017/03/01__12:18:18,1194.39,2.0,sell,2017/03/01__12:18:18,null
2017/03/01__12:18:31:057,653264998,2017/03/01__12:18:30,1194.39,600.0,sell,2017/03/01__12:18:30,null
2017/03/01__12:18:33:467,653265039,2017/03/01__12:18:32,1194.39,14.0,sell,2017/03/01__12:18:32,null
2017/03/01__12:18:34:372,653265083,2017/03/01__12:18:34,1194.58,60.0,buy,2017/03/01__12:18:34,null
2017/03/01__12:18:36:481,653265119,2017/03/01__12:18:35,1194.39,4.0,sell,2017/03/01__12:18:35,null
2017/03/01__12:18:36:481,653265130,2017/03/01__12:18:36,1194.39,4.0,sell,2017/03/01__12:18:36,null
2017/03/01__12:18:37:387,653265144,2017/03/01__12:18:36,1194.39,6.0,sell,2017/03/01__12:18:36,null
2017/03/01__12:18:44:620,653265295,2017/03/01__12:18:44,1194.39,42.0,sell,2017/03/01__12:18:44,null
2017/03/01__12:18:47:630,653265356,2017/03/01__12:18:47,1194.39,4.0,sell,2017/03/01__12:18:47,null
2017/03/01__12:19:07:531,653265804,2017/03/01__12:19:06,1194.45,94.0,sell,2017/03/01__12:19:06,null
2017/03/01__12:19:07:531,653265830,2017/03/01__12:19:07,1194.54,54.0,sell,2017/03/01__12:19:07,null
2017/03/01__12:19:09:342,653265871,2017/03/01__12:19:08,1194.6,18.0,buy,2017/03/01__12:19:08,null
2017/03/01__12:19:29:847,653266277,2017/03/01__12:19:29,1194.71,46.0,buy,2017/03/01__12:19:29,null
2017/03/01__12:19:48:535,653266637,2017/03/01__12:19:47,1194.54,2.0,sell,2017/03/01__12:19:47,null
2017/03/01__12:19:52:456,653266708,2017/03/01__12:19:51,1194.64,106.0,sell,2017/03/01__12:19:51,null
2017/03/01__12:20:08:734,653267031,2017/03/01__12:20:07,1194.6,22.0,buy,2017/03/01__12:20:07,null
2017/03/01__12:20:12:656,653267136,2017/03/01__12:20:12,1194.69,26.0,buy,2017/03/01__12:20:12,null
2017/03/01__12:20:15:065,653267196,2017/03/01__12:20:14,1194.87,560.0,buy,2017/03/01__12:20:14,null
2017/03/01__12:20:21:998,653267353,2017/03/01__12:20:21,1194.87,24.0,buy,2017/03/01__12:20:21,null
2017/03/01__12:20:24:113,653267411,2017/03/01__12:20:23,1194.8,22.0,buy,2017/03/01__12:20:23,null
2017/03/01__12:20:25:318,653267449,2017/03/01__12:20:25,1194.87,12.0,buy,2017/03/01__12:20:25,null
2017/03/01__12:20:27:137,653267493,2017/03/01__12:20:27,1195.0,166.0,buy,2017/03/01__12:20:27,null
2017/03/01__12:20:28:347,653267510,2017/03/01__12:20:27,1195.0,14.0,buy,2017/03/01__12:20:27,null
2017/03/01__12:20:42:829,653267858,2017/03/01__12:20:42,1195.41,388.0,buy,2017/03/01__12:20:42,null
2017/03/01__12:20:43:734,653267872,2017/03/01__12:20:43,1194.76,70.0,sell,2017/03/01__12:20:43,null
2017/03/01__12:20:44:639,653267906,2017/03/01__12:20:44,1195.4,152.0,buy,2017/03/01__12:20:44,null
2017/03/01__12:20:46:751,653267972,2017/03/01__12:20:46,1195.59,150.0,buy,2017/03/01__12:20:46,null
2017/03/01__12:20:50:972,653268056,2017/03/01__12:20:49,1194.56,2.0,sell,2017/03/01__12:20:49,null
2017/03/01__12:20:53:989,653268124,2017/03/01__12:20:53,1195.4,90.0,buy,2017/03/01__12:20:53,null
2017/03/01__12:21:02:128,653268333,2017/03/01__12:21:01,1195.4,80.0,buy,2017/03/01__12:21:01,null
2017/03/01__12:21:07:858,653268482,2017/03/01__12:21:07,1195.59,64.0,buy,2017/03/01__12:21:07,null
2017/03/01__12:21:09:970,653268552,2017/03/01__12:21:10,1195.59,4.0,buy,2017/03/01__12:21:10,null
2017/03/01__12:21:13:287,653268629,2017/03/01__12:21:12,1195.54,22.0,sell,2017/03/01__12:21:12,null
2017/03/01__12:21:15:098,653268695,2017/03/01__12:21:15,1195.54,22.0,sell,2017/03/01__12:21:15,null
2017/03/01__12:21:16:300,653268725,2017/03/01__12:21:16,1195.54,6.0,sell,2017/03/01__12:21:16,null
2017/03/01__12:21:20:234,653268814,2017/03/01__12:21:19,1195.53,2.0,buy,2017/03/01__12:21:19,null
2017/03/01__12:21:27:185,653269001,2017/03/01__12:21:26,1195.53,16.0,sell,2017/03/01__12:21:26,null
2017/03/01__12:21:27:185,653269003,2017/03/01__12:21:27,1195.53,2.0,sell,2017/03/01__12:21:27,null
2017/03/01__12:21:29:318,653269059,2017/03/01__12:21:28,1195.53,28.0,sell,2017/03/01__12:21:28,null
2017/03/01__12:21:30:506,653269122,2017/03/01__12:21:30,1195.53,12.0,sell,2017/03/01__12:21:30,null
2017/03/01__12:21:34:431,653269223,2017/03/01__12:21:34,1195.52,22.0,buy,2017/03/01__12:21:34,null
2017/03/01__12:21:45:885,653269483,2017/03/01__12:21:45,1195.53,10.0,sell,2017/03/01__12:21:45,null
2017/03/01__12:21:54:022,653269677,2017/03/01__12:21:53,1195.56,90.0,sell,2017/03/01__12:21:53,null
2017/03/01__12:21:54:929,653269694,2017/03/01__12:21:54,1195.53,10.0,sell,2017/03/01__12:21:54,null
2017/03/01__12:21:59:148,653269778,2017/03/01__12:21:58,1195.53,20.0,sell,2017/03/01__12:21:58,null
2017/03/01__12:21:59:148,653269797,2017/03/01__12:21:59,1195.53,12.0,sell,2017/03/01__12:21:59,null
2017/03/01__12:22:12:427,653270050,2017/03/01__12:22:11,1195.56,2.0,sell,2017/03/01__12:22:11,null
2017/03/01__12:22:16:629,653270122,2017/03/01__12:22:15,1195.56,20.0,sell,2017/03/01__12:22:15,null
2017/03/01__12:22:21:767,653270225,2017/03/01__12:22:21,1195.53,14.0,sell,2017/03/01__12:22:21,null
2017/03/01__12:22:23:880,653270263,2017/03/01__12:22:23,1195.57,76.0,buy,2017/03/01__12:22:23,null
2017/03/01__12:22:35:081,653270520,2017/03/01__12:22:34,1195.54,2.0,buy,2017/03/01__12:22:34,null
2017/03/01__12:23:01:004,653271080,2017/03/01__12:23:00,1195.53,2.0,sell,2017/03/01__12:23:00,null
2017/03/01__12:23:07:034,653271220,2017/03/01__12:23:06,1195.53,10.0,sell,2017/03/01__12:23:06,null
2017/03/01__12:23:12:165,653271357,2017/03/01__12:23:12,1194.87,4.0,sell,2017/03/01__12:23:12,null
2017/03/01__12:23:15:173,653271411,2017/03/01__12:23:14,1195.21,92.0,sell,2017/03/01__12:23:14,null
2017/03/01__12:23:39:928,653271993,2017/03/01__12:23:39,1195.05,84.0,buy,2017/03/01__12:23:39,null
2017/03/01__12:23:45:055,653272085,2017/03/01__12:23:44,1195.12,16.0,buy,2017/03/01__12:23:44,null
2017/03/01__12:23:54:408,653272301,2017/03/01__12:23:54,1194.83,40.0,sell,2017/03/01__12:23:54,null
2017/03/01__12:24:04:357,653272524,2017/03/01__12:24:04,1195.12,30.0,buy,2017/03/01__12:24:04,null
2017/03/01__12:24:14:922,653272761,2017/03/01__12:24:14,1195.12,2.0,buy,2017/03/01__12:24:14,null
2017/03/01__12:24:15:826,653272779,2017/03/01__12:24:15,1194.98,122.0,buy,2017/03/01__12:24:15,null
2017/03/01__12:24:16:732,653272802,2017/03/01__12:24:16,1194.84,6.0,sell,2017/03/01__12:24:16,null
2017/03/01__12:24:17:936,653272833,2017/03/01__12:24:17,1195.12,64.0,buy,2017/03/01__12:24:17,null
2017/03/01__12:24:18:841,653272852,2017/03/01__12:24:18,1195.12,26.0,sell,2017/03/01__12:24:18,null
2017/03/01__12:24:34:232,653273214,2017/03/01__12:24:33,1194.83,2.0,sell,2017/03/01__12:24:33,null
2017/03/01__12:24:50:513,653273624,2017/03/01__12:24:50,1195.7,478.0,buy,2017/03/01__12:24:50,null
2017/03/01__12:24:58:656,653273812,2017/03/01__12:24:58,1195.12,80.0,buy,2017/03/01__12:24:58,null
2017/03/01__12:24:59:560,653273822,2017/03/01__12:24:59,1194.83,4.0,sell,2017/03/01__12:24:59,null
2017/03/01__12:25:00:765,653273882,2017/03/01__12:25:00,1195.12,16.0,buy,2017/03/01__12:25:00,null
2017/03/01__12:25:04:987,653273973,2017/03/01__12:25:04,1196.29,88.0,sell,2017/03/01__12:25:04,null
2017/03/01__12:25:05:891,653274029,2017/03/01__12:25:05,1196.3,276.0,sell,2017/03/01__12:25:05,null
2017/03/01__12:25:08:001,653274086,2017/03/01__12:25:07,1196.3,2.0,sell,2017/03/01__12:25:07,null
2017/03/01__12:25:08:905,653274128,2017/03/01__12:25:08,1196.3,4.0,sell,2017/03/01__12:25:08,null
2017/03/01__12:25:09:819,653274153,2017/03/01__12:25:09,1196.3,6.0,sell,2017/03/01__12:25:09,null
2017/03/01__12:25:11:018,653274202,2017/03/01__12:25:11,1196.8,40.0,buy,2017/03/01__12:25:11,null
2017/03/01__12:25:13:126,653274264,2017/03/01__12:25:12,1196.3,2.0,sell,2017/03/01__12:25:12,null
2017/03/01__12:25:14:336,653274302,2017/03/01__12:25:14,1196.32,8.0,sell,2017/03/01__12:25:14,null
2017/03/01__12:25:19:166,653274485,2017/03/01__12:25:19,1197.43,238.0,buy,2017/03/01__12:25:19,null
2017/03/01__12:25:34:257,653274848,2017/03/01__12:25:33,1196.72,46.0,buy,2017/03/01__12:25:33,null
2017/03/01__12:25:35:162,653274870,2017/03/01__12:25:34,1196.16,2.0,sell,2017/03/01__12:25:34,null
2017/03/01__12:25:40:291,653275034,2017/03/01__12:25:39,1196.16,10.0,buy,2017/03/01__12:25:39,null
2017/03/01__12:25:46:335,653275188,2017/03/01__12:25:45,1196.16,4.0,buy,2017/03/01__12:25:45,null
2017/03/01__12:25:47:528,653275243,2017/03/01__12:25:46,1195.3,22.0,buy,2017/03/01__12:25:46,null
2017/03/01__12:25:47:528,653275262,2017/03/01__12:25:47,1195.3,2.0,buy,2017/03/01__12:25:47,null
2017/03/01__12:26:01:399,653275627,2017/03/01__12:26:00,1196.8,56.0,buy,2017/03/01__12:26:00,null
2017/03/01__12:26:28:834,653276246,2017/03/01__12:26:28,1195.44,24.0,buy,2017/03/01__12:26:28,null
2017/03/01__12:26:30:966,653276281,2017/03/01__12:26:30,1195.29,46.0,sell,2017/03/01__12:26:30,null
2017/03/01__12:26:32:774,653276333,2017/03/01__12:26:32,1195.37,94.0,sell,2017/03/01__12:26:32,null
2017/03/01__12:26:33:982,653276349,2017/03/01__12:26:33,1195.44,22.0,buy,2017/03/01__12:26:33,null
2017/03/01__12:26:34:888,653276372,2017/03/01__12:26:34,1195.44,4.0,buy,2017/03/01__12:26:34,null
2017/03/01__12:26:35:792,653276393,2017/03/01__12:26:34,1195.6,2.0,sell,2017/03/01__12:26:34,null
2017/03/01__12:26:37:911,653276443,2017/03/01__12:26:37,1195.61,2.0,sell,2017/03/01__12:26:37,null
2017/03/01__12:26:43:942,653276604,2017/03/01__12:26:43,1195.63,2.0,sell,2017/03/01__12:26:43,null
2017/03/01__12:26:45:148,653276629,2017/03/01__12:26:44,1196.41,8.0,buy,2017/03/01__12:26:44,null
2017/03/01__12:26:46:055,653276665,2017/03/01__12:26:46,1196.41,2.0,sell,2017/03/01__12:26:46,null
2017/03/01__12:26:56:608,653276863,2017/03/01__12:26:55,1196.41,6.0,sell,2017/03/01__12:26:55,null
2017/03/01__12:26:56:608,653276869,2017/03/01__12:26:56,1196.41,4.0,sell,2017/03/01__12:26:56,null
2017/03/01__12:26:58:417,653276922,2017/03/01__12:26:57,1196.14,68.0,buy,2017/03/01__12:26:57,null
2017/03/01__12:27:04:450,653277035,2017/03/01__12:27:03,1195.85,100.0,sell,2017/03/01__12:27:03,null
2017/03/01__12:27:16:511,653277294,2017/03/01__12:27:16,1196.13,4.0,buy,2017/03/01__12:27:16,null
2017/03/01__12:27:27:061,653277534,2017/03/01__12:27:26,1196.35,14.0,buy,2017/03/01__12:27:26,null
2017/03/01__12:27:31:887,653277651,2017/03/01__12:27:31,1196.13,110.0,buy,2017/03/01__12:27:31,null
2017/03/01__12:27:35:812,653277745,2017/03/01__12:27:36,1195.99,106.0,sell,2017/03/01__12:27:36,null
2017/03/01__12:27:37:320,653277757,2017/03/01__12:27:36,1195.85,4.0,sell,2017/03/01__12:27:36,null
2017/03/01__12:27:51:512,653278093,2017/03/01__12:27:50,1196.19,40.0,buy,2017/03/01__12:27:50,null
2017/03/01__12:27:54:540,653278175,2017/03/01__12:27:54,1196.02,62.0,sell,2017/03/01__12:27:54,null
2017/03/01__12:28:15:692,653278618,2017/03/01__12:28:14,1195.85,6.0,sell,2017/03/01__12:28:14,null
2017/03/01__12:28:20:518,653278732,2017/03/01__12:28:19,1196.01,100.0,buy,2017/03/01__12:28:19,null
2017/03/01__12:28:38:919,653279037,2017/03/01__12:28:38,1196.41,160.0,buy,2017/03/01__12:28:38,null
2017/03/01__12:28:41:935,653279084,2017/03/01__12:28:40,1196.13,36.0,sell,2017/03/01__12:28:40,null
2017/03/01__12:28:43:142,653279146,2017/03/01__12:28:42,1197.52,130.0,buy,2017/03/01__12:28:42,null
2017/03/01__12:28:55:514,653279443,2017/03/01__12:28:54,1197.73,14.0,buy,2017/03/01__12:28:54,null
2017/03/01__12:28:59:434,653279553,2017/03/01__12:28:58,1198.0,1202.0,buy,2017/03/01__12:28:58,null
2017/03/01__12:29:03:675,653279656,2017/03/01__12:29:03,1198.0,1206.0,buy,2017/03/01__12:29:03,null
