2017/03/17__16:10:10:198,638658173,2017/03/17__15:56:20,1104.27,2.0,buy,2017/03/17__15:56:20,null
2017/03/17__16:10:10:198,638658203,2017/03/17__15:56:21,1103.81,12.0,sell,2017/03/17__15:56:21,null
2017/03/17__16:10:10:198,638658257,2017/03/17__15:56:23,1103.35,10.0,sell,2017/03/17__15:56:23,null
2017/03/17__16:10:10:198,638658271,2017/03/17__15:56:24,1103.35,20.0,sell,2017/03/17__15:56:24,null
2017/03/17__16:10:10:198,638658301,2017/03/17__15:56:25,1103.35,24.0,sell,2017/03/17__15:56:25,null
2017/03/17__16:10:10:198,638658719,2017/03/17__15:56:44,1103.35,18.0,sell,2017/03/17__15:56:44,null
2017/03/17__16:10:10:198,638658740,2017/03/17__15:56:45,1103.35,12.0,sell,2017/03/17__15:56:45,null
2017/03/17__16:10:10:198,638658775,2017/03/17__15:56:47,1103.35,6.0,sell,2017/03/17__15:56:47,null
2017/03/17__16:10:10:198,638658793,2017/03/17__15:56:48,1103.35,6.0,sell,2017/03/17__15:56:48,null
2017/03/17__16:10:10:198,638659025,2017/03/17__15:56:59,1103.35,14.0,sell,2017/03/17__15:56:59,null
2017/03/17__16:10:10:198,638659063,2017/03/17__15:57:00,1103.33,32.0,sell,2017/03/17__15:57:00,null
2017/03/17__16:10:10:198,638659092,2017/03/17__15:57:01,1103.67,10.0,sell,2017/03/17__15:57:01,null
2017/03/17__16:10:10:198,638659115,2017/03/17__15:57:02,1103.33,40.0,sell,2017/03/17__15:57:02,null
2017/03/17__16:10:10:198,638659129,2017/03/17__15:57:03,1103.33,16.0,sell,2017/03/17__15:57:03,null
2017/03/17__16:10:10:198,638659149,2017/03/17__15:57:04,1103.33,2.0,sell,2017/03/17__15:57:04,null
2017/03/17__16:10:10:198,638659173,2017/03/17__15:57:05,1103.33,24.0,sell,2017/03/17__15:57:05,null
2017/03/17__16:10:10:198,638659187,2017/03/17__15:57:06,1103.33,8.0,sell,2017/03/17__15:57:06,null
2017/03/17__16:10:10:198,638659752,2017/03/17__15:57:41,1103.71,18.0,sell,2017/03/17__15:57:41,null
2017/03/17__16:10:10:198,638659942,2017/03/17__15:57:51,1104.0,8.0,buy,2017/03/17__15:57:51,null
2017/03/17__16:10:10:198,638660037,2017/03/17__15:57:56,1104.25,2.0,buy,2017/03/17__15:57:56,null
2017/03/17__16:10:10:198,638660048,2017/03/17__15:57:57,1103.87,22.0,buy,2017/03/17__15:57:57,null
2017/03/17__16:10:10:198,638660114,2017/03/17__15:58:01,1103.48,4.0,sell,2017/03/17__15:58:01,null
2017/03/17__16:10:10:198,638660291,2017/03/17__15:58:11,1104.0,4.0,buy,2017/03/17__15:58:11,null
2017/03/17__16:10:10:198,638660517,2017/03/17__15:58:23,1103.77,10.0,sell,2017/03/17__15:58:23,null
2017/03/17__16:10:10:198,638660808,2017/03/17__15:58:41,1104.0,18.0,buy,2017/03/17__15:58:41,null
2017/03/17__16:10:10:198,638660867,2017/03/17__15:58:45,1103.81,6.0,sell,2017/03/17__15:58:45,null
2017/03/17__16:10:10:198,638660913,2017/03/17__15:58:48,1104.0,2.0,buy,2017/03/17__15:58:48,null
2017/03/17__16:10:10:198,638661021,2017/03/17__15:58:54,1104.0,20.0,buy,2017/03/17__15:58:54,null
2017/03/17__16:10:10:198,638661046,2017/03/17__15:58:55,1104.0,20.0,buy,2017/03/17__15:58:55,null
2017/03/17__16:10:10:198,638661083,2017/03/17__15:58:57,1104.0,14.0,buy,2017/03/17__15:58:57,null
2017/03/17__16:10:10:198,638661101,2017/03/17__15:58:58,1104.0,8.0,buy,2017/03/17__15:58:58,null
2017/03/17__16:10:10:198,638661121,2017/03/17__15:58:59,1104.0,12.0,buy,2017/03/17__15:58:59,null
2017/03/17__16:10:10:198,638661137,2017/03/17__15:59:00,1104.0,2.0,buy,2017/03/17__15:59:00,null
2017/03/17__16:10:10:198,638661192,2017/03/17__15:59:03,1103.98,12.0,buy,2017/03/17__15:59:03,null
2017/03/17__16:10:10:198,638661370,2017/03/17__15:59:29,1103.71,14.0,sell,2017/03/17__15:59:29,null
2017/03/17__16:10:10:198,638661383,2017/03/17__15:59:32,1104.44,20.0,buy,2017/03/17__15:59:32,null
2017/03/17__16:10:10:198,638661502,2017/03/17__15:59:51,1104.08,10.0,sell,2017/03/17__15:59:51,null
2017/03/17__16:10:10:198,638661513,2017/03/17__15:59:53,1103.71,14.0,sell,2017/03/17__15:59:53,null
2017/03/17__16:10:10:198,638661556,2017/03/17__16:00:00,1104.44,20.0,buy,2017/03/17__16:00:00,null
2017/03/17__16:10:11:548,638661560,2017/03/17__16:10:02,1136.86,2.0,sell,2017/03/17__16:10:02,null
2017/03/17__16:10:11:848,638661562,2017/03/17__16:10:02,1136.86,12.0,sell,2017/03/17__16:10:02,null
2017/03/17__16:10:12:150,638661566,2017/03/17__16:10:03,1136.86,8.0,sell,2017/03/17__16:10:03,null
2017/03/17__16:10:12:755,638661568,2017/03/17__16:10:03,1136.86,2.0,sell,2017/03/17__16:10:03,null
2017/03/17__16:10:13:351,638661574,2017/03/17__16:10:04,1136.86,4.0,sell,2017/03/17__16:10:04,null
2017/03/17__16:10:14:866,638661581,2017/03/17__16:10:05,1136.86,12.0,sell,2017/03/17__16:10:05,null
2017/03/17__16:10:15:160,638661584,2017/03/17__16:10:06,1136.86,154.0,sell,2017/03/17__16:10:06,null
2017/03/17__16:10:15:761,638661590,2017/03/17__16:10:06,1136.86,562.0,sell,2017/03/17__16:10:06,null
2017/03/17__16:10:15:761,638661592,2017/03/17__16:10:07,1136.86,2.0,sell,2017/03/17__16:10:07,null
2017/03/17__16:10:17:569,638661606,2017/03/17__16:10:08,1136.86,92.0,sell,2017/03/17__16:10:08,null
2017/03/17__16:10:17:878,638661610,2017/03/17__16:10:08,1136.86,116.0,sell,2017/03/17__16:10:08,null
2017/03/17__16:10:17:878,638661616,2017/03/17__16:10:09,1136.86,90.0,sell,2017/03/17__16:10:09,null
2017/03/17__16:10:18:503,638661622,2017/03/17__16:10:09,1136.86,100.0,sell,2017/03/17__16:10:09,null
2017/03/17__16:10:18:815,638661632,2017/03/17__16:10:09,1136.86,242.0,sell,2017/03/17__16:10:09,null
2017/03/17__16:10:19:112,638661640,2017/03/17__16:10:09,1136.86,182.0,sell,2017/03/17__16:10:09,null
2017/03/17__16:10:19:420,638661648,2017/03/17__16:10:10,1136.86,206.0,sell,2017/03/17__16:10:10,null
2017/03/17__16:10:19:708,638661652,2017/03/17__16:10:10,1136.86,66.0,sell,2017/03/17__16:10:10,null
2017/03/17__16:10:20:019,638661664,2017/03/17__16:10:10,1136.86,376.0,sell,2017/03/17__16:10:10,null
2017/03/17__16:10:20:318,638661668,2017/03/17__16:10:11,1136.86,86.0,sell,2017/03/17__16:10:11,null
2017/03/17__16:10:20:631,638661680,2017/03/17__16:10:11,1136.86,350.0,sell,2017/03/17__16:10:11,null
2017/03/17__16:10:20:914,638661687,2017/03/17__16:10:11,1136.86,148.0,sell,2017/03/17__16:10:11,null
2017/03/17__16:10:21:226,638661698,2017/03/17__16:10:12,1136.86,256.0,sell,2017/03/17__16:10:12,null
2017/03/17__16:10:21:528,638661706,2017/03/17__16:10:12,1136.86,184.0,sell,2017/03/17__16:10:12,null
2017/03/17__16:10:21:837,638661715,2017/03/17__16:10:12,1136.86,192.0,sell,2017/03/17__16:10:12,null
2017/03/17__16:10:22:121,638661721,2017/03/17__16:10:13,1136.86,194.0,sell,2017/03/17__16:10:13,null
2017/03/17__16:10:22:441,638661742,2017/03/17__16:10:13,1136.86,266.0,sell,2017/03/17__16:10:13,null
2017/03/17__16:10:22:737,638661748,2017/03/17__16:10:13,1136.86,196.0,sell,2017/03/17__16:10:13,null
2017/03/17__16:10:23:025,638661755,2017/03/17__16:10:14,1136.86,98.0,sell,2017/03/17__16:10:14,null
2017/03/17__16:10:23:330,638661761,2017/03/17__16:10:14,1136.87,184.0,sell,2017/03/17__16:10:14,null
2017/03/17__16:10:23:661,638661784,2017/03/17__16:10:14,1137.05,266.0,sell,2017/03/17__16:10:14,null
2017/03/17__16:10:23:932,638661790,2017/03/17__16:10:14,1137.05,114.0,sell,2017/03/17__16:10:14,null
2017/03/17__16:10:24:250,638661804,2017/03/17__16:10:15,1137.05,172.0,sell,2017/03/17__16:10:15,null
2017/03/17__16:10:24:539,638661815,2017/03/17__16:10:15,1137.05,432.0,sell,2017/03/17__16:10:15,null
2017/03/17__16:10:24:849,638661826,2017/03/17__16:10:15,1137.05,204.0,sell,2017/03/17__16:10:15,null
2017/03/17__16:10:25:141,638661832,2017/03/17__16:10:16,1137.05,96.0,sell,2017/03/17__16:10:16,null
2017/03/17__16:10:25:450,638661844,2017/03/17__16:10:16,1137.05,242.0,sell,2017/03/17__16:10:16,null
2017/03/17__16:10:25:756,638661855,2017/03/17__16:10:16,1137.05,394.0,sell,2017/03/17__16:10:16,null
2017/03/17__16:10:25:756,638661862,2017/03/17__16:10:17,1137.05,74.0,sell,2017/03/17__16:10:17,null
2017/03/17__16:10:26:045,638661867,2017/03/17__16:10:17,1137.05,78.0,sell,2017/03/17__16:10:17,null
2017/03/17__16:10:26:346,638661872,2017/03/17__16:10:17,1137.05,106.0,sell,2017/03/17__16:10:17,null
2017/03/17__16:10:26:672,638661878,2017/03/17__16:10:17,1137.05,168.0,sell,2017/03/17__16:10:17,null
2017/03/17__16:10:27:295,638661893,2017/03/17__16:10:18,1137.05,270.0,sell,2017/03/17__16:10:18,null
2017/03/17__16:10:27:561,638661902,2017/03/17__16:10:18,1137.05,116.0,sell,2017/03/17__16:10:18,null
2017/03/17__16:10:27:889,638661913,2017/03/17__16:10:18,1137.05,188.0,sell,2017/03/17__16:10:18,null
2017/03/17__16:10:28:188,638661917,2017/03/17__16:10:19,1137.05,74.0,sell,2017/03/17__16:10:19,null
2017/03/17__16:10:28:482,638661922,2017/03/17__16:10:19,1137.05,86.0,sell,2017/03/17__16:10:19,null
2017/03/17__16:10:28:785,638661931,2017/03/17__16:10:19,1137.05,162.0,sell,2017/03/17__16:10:19,null
2017/03/17__16:10:29:091,638661938,2017/03/17__16:10:19,1137.05,164.0,sell,2017/03/17__16:10:19,null
2017/03/17__16:10:29:091,638661945,2017/03/17__16:10:20,1137.05,116.0,sell,2017/03/17__16:10:20,null
2017/03/17__16:10:29:380,638661949,2017/03/17__16:10:20,1137.05,80.0,sell,2017/03/17__16:10:20,null
2017/03/17__16:10:29:702,638661962,2017/03/17__16:10:20,1137.05,204.0,sell,2017/03/17__16:10:20,null
2017/03/17__16:10:29:985,638661967,2017/03/17__16:10:20,1137.05,106.0,sell,2017/03/17__16:10:20,null
2017/03/17__16:10:30:308,638661978,2017/03/17__16:10:21,1137.05,194.0,sell,2017/03/17__16:10:21,null
2017/03/17__16:10:30:591,638661985,2017/03/17__16:10:21,1137.05,98.0,sell,2017/03/17__16:10:21,null
2017/03/17__16:10:30:899,638661995,2017/03/17__16:10:21,1137.05,228.0,sell,2017/03/17__16:10:21,null
2017/03/17__16:10:31:200,638661999,2017/03/17__16:10:22,1137.05,88.0,sell,2017/03/17__16:10:22,null
2017/03/17__16:10:31:497,638662004,2017/03/17__16:10:22,1137.05,94.0,sell,2017/03/17__16:10:22,null
2017/03/17__16:10:31:819,638662017,2017/03/17__16:10:22,1137.05,284.0,sell,2017/03/17__16:10:22,null
2017/03/17__16:10:32:100,638662023,2017/03/17__16:10:23,1137.05,102.0,sell,2017/03/17__16:10:23,null
2017/03/17__16:10:33:012,638662029,2017/03/17__16:10:24,1137.05,20.0,sell,2017/03/17__16:10:24,null
2017/03/17__16:10:33:608,638662034,2017/03/17__16:10:24,1137.05,26.0,sell,2017/03/17__16:10:24,null
2017/03/17__16:10:33:921,638662037,2017/03/17__16:10:25,1137.05,12.0,sell,2017/03/17__16:10:25,null
2017/03/17__16:10:34:839,638662042,2017/03/17__16:10:25,1137.05,20.0,sell,2017/03/17__16:10:25,null
2017/03/17__16:10:35:137,638662047,2017/03/17__16:10:26,1137.05,2.0,sell,2017/03/17__16:10:26,null
2017/03/17__16:10:36:952,638662067,2017/03/17__16:10:27,1137.09,12.0,sell,2017/03/17__16:10:27,null
2017/03/17__16:10:37:559,638662074,2017/03/17__16:10:28,1137.09,2.0,sell,2017/03/17__16:10:28,null
2017/03/17__16:10:39:063,638662099,2017/03/17__16:10:29,1137.09,12.0,sell,2017/03/17__16:10:29,null
2017/03/17__16:10:40:581,638662109,2017/03/17__16:10:31,1137.09,10.0,sell,2017/03/17__16:10:31,null
2017/03/17__16:10:41:181,638662122,2017/03/17__16:10:32,1137.09,22.0,sell,2017/03/17__16:10:32,null
2017/03/17__16:10:41:482,638662129,2017/03/17__16:10:32,1137.57,80.0,sell,2017/03/17__16:10:32,null
2017/03/17__16:10:43:597,638662155,2017/03/17__16:10:34,1137.58,12.0,sell,2017/03/17__16:10:34,null
2017/03/17__16:10:44:818,638662164,2017/03/17__16:10:35,1137.58,20.0,sell,2017/03/17__16:10:35,null
2017/03/17__16:10:45:412,638662169,2017/03/17__16:10:36,1137.58,10.0,sell,2017/03/17__16:10:36,null
2017/03/17__16:10:47:253,638662187,2017/03/17__16:10:38,1137.58,34.0,sell,2017/03/17__16:10:38,null
2017/03/17__16:10:48:151,638662198,2017/03/17__16:10:38,1137.58,346.0,sell,2017/03/17__16:10:38,null
2017/03/17__16:10:48:760,638662203,2017/03/17__16:10:39,1137.58,4.0,sell,2017/03/17__16:10:39,null
2017/03/17__16:10:49:968,638662218,2017/03/17__16:10:40,1137.58,206.0,sell,2017/03/17__16:10:40,null
2017/03/17__16:10:54:213,638662275,2017/03/17__16:10:44,1137.58,2.0,sell,2017/03/17__16:10:44,null
2017/03/17__16:10:54:512,638662280,2017/03/17__16:10:45,1137.58,400.0,sell,2017/03/17__16:10:45,null
2017/03/17__16:10:55:739,638662295,2017/03/17__16:10:46,1137.58,44.0,sell,2017/03/17__16:10:46,null
2017/03/17__16:10:56:336,638662300,2017/03/17__16:10:46,1137.58,20.0,sell,2017/03/17__16:10:46,null
2017/03/17__16:10:57:269,638662308,2017/03/17__16:10:48,1137.58,20.0,sell,2017/03/17__16:10:48,null
2017/03/17__16:10:58:463,638662333,2017/03/17__16:10:49,1137.58,60.0,sell,2017/03/17__16:10:49,null
2017/03/17__16:10:59:066,638662340,2017/03/17__16:10:49,1137.58,10.0,sell,2017/03/17__16:10:49,null
2017/03/17__16:11:00:871,638662359,2017/03/17__16:10:51,1137.58,18.0,sell,2017/03/17__16:10:51,null
2017/03/17__16:11:01:477,638662365,2017/03/17__16:10:52,1137.58,60.0,sell,2017/03/17__16:10:52,null
2017/03/17__16:11:03:339,638662386,2017/03/17__16:10:54,1137.58,144.0,sell,2017/03/17__16:10:54,null
2017/03/17__16:11:03:909,638662391,2017/03/17__16:10:54,1137.58,12.0,sell,2017/03/17__16:10:54,null
2017/03/17__16:11:05:716,638662417,2017/03/17__16:10:56,1137.85,6.0,buy,2017/03/17__16:10:56,null
2017/03/17__16:11:06:033,638662430,2017/03/17__16:10:56,1137.9,350.0,buy,2017/03/17__16:10:56,null
2017/03/17__16:11:08:140,638662453,2017/03/17__16:10:58,1137.98,10.0,sell,2017/03/17__16:10:58,null
2017/03/17__16:11:08:740,638662467,2017/03/17__16:10:59,1137.98,20.0,sell,2017/03/17__16:10:59,null
2017/03/17__16:11:11:462,638662511,2017/03/17__16:11:02,1138.08,24.0,buy,2017/03/17__16:11:02,null
2017/03/17__16:11:12:972,638662529,2017/03/17__16:11:03,1138.23,10.0,sell,2017/03/17__16:11:03,null
2017/03/17__16:11:18:116,638662578,2017/03/17__16:11:08,1138.23,10.0,sell,2017/03/17__16:11:08,null
2017/03/17__16:11:19:941,638662602,2017/03/17__16:11:10,1138.23,20.0,sell,2017/03/17__16:11:10,null
2017/03/17__16:11:23:250,638662639,2017/03/17__16:11:14,1138.23,2.0,sell,2017/03/17__16:11:14,null
2017/03/17__16:11:28:388,638662697,2017/03/17__16:11:19,1138.23,20.0,sell,2017/03/17__16:11:19,null
2017/03/17__16:11:28:687,638662704,2017/03/17__16:11:19,1138.23,10.0,sell,2017/03/17__16:11:19,null
2017/03/17__16:11:32:014,638662740,2017/03/17__16:11:23,1138.23,286.0,sell,2017/03/17__16:11:23,null
2017/03/17__16:11:32:932,638662748,2017/03/17__16:11:24,1138.23,10.0,sell,2017/03/17__16:11:24,null
2017/03/17__16:11:33:521,638662760,2017/03/17__16:11:24,1138.23,20.0,sell,2017/03/17__16:11:24,null
2017/03/17__16:11:35:938,638662784,2017/03/17__16:11:27,1138.43,112.0,sell,2017/03/17__16:11:27,null
2017/03/17__16:11:37:451,638662798,2017/03/17__16:11:28,1138.43,246.0,sell,2017/03/17__16:11:28,null
2017/03/17__16:11:38:061,638662806,2017/03/17__16:11:29,1138.43,10.0,sell,2017/03/17__16:11:29,null
2017/03/17__16:11:43:198,638662873,2017/03/17__16:11:34,1139.02,10.0,sell,2017/03/17__16:11:34,null
2017/03/17__16:11:43:517,638662881,2017/03/17__16:11:34,1139.02,40.0,sell,2017/03/17__16:11:34,null
2017/03/17__16:11:43:799,638662889,2017/03/17__16:11:35,1139.02,12.0,sell,2017/03/17__16:11:35,null
2017/03/17__16:11:45:611,638662905,2017/03/17__16:11:36,1139.02,2.0,sell,2017/03/17__16:11:36,null
2017/03/17__16:11:45:928,638662911,2017/03/17__16:11:37,1139.02,20.0,sell,2017/03/17__16:11:37,null
2017/03/17__16:11:48:640,638662941,2017/03/17__16:11:39,1139.02,2.0,sell,2017/03/17__16:11:39,null
2017/03/17__16:11:49:544,638662960,2017/03/17__16:11:40,1139.02,400.0,sell,2017/03/17__16:11:40,null
2017/03/17__16:11:49:845,638662966,2017/03/17__16:11:40,1139.02,112.0,sell,2017/03/17__16:11:40,null
2017/03/17__16:11:52:864,638662994,2017/03/17__16:11:44,1139.02,2.0,sell,2017/03/17__16:11:44,null
2017/03/17__16:11:54:692,638663017,2017/03/17__16:11:45,1139.1,62.0,sell,2017/03/17__16:11:45,null
2017/03/17__16:11:54:984,638663022,2017/03/17__16:11:46,1139.1,10.0,sell,2017/03/17__16:11:46,null
2017/03/17__16:11:57:399,638663041,2017/03/17__16:11:48,1139.1,72.0,sell,2017/03/17__16:11:48,null
2017/03/17__16:11:59:811,638663074,2017/03/17__16:11:50,1139.54,200.0,sell,2017/03/17__16:11:50,null
2017/03/17__16:12:00:718,638663093,2017/03/17__16:11:51,1139.54,84.0,sell,2017/03/17__16:11:51,null
2017/03/17__16:12:00:718,638663096,2017/03/17__16:11:52,1139.54,10.0,sell,2017/03/17__16:11:52,null
2017/03/17__16:12:01:932,638663106,2017/03/17__16:11:53,1139.54,400.0,sell,2017/03/17__16:11:53,null
2017/03/17__16:12:05:567,638663156,2017/03/17__16:11:56,1139.71,112.0,sell,2017/03/17__16:11:56,null
2017/03/17__16:12:05:867,638663165,2017/03/17__16:11:57,1139.71,10.0,sell,2017/03/17__16:11:57,null
2017/03/17__16:12:08:294,638663190,2017/03/17__16:11:59,1139.71,2.0,sell,2017/03/17__16:11:59,null
2017/03/17__16:12:10:703,638663229,2017/03/17__16:12:01,1139.71,20.0,sell,2017/03/17__16:12:01,null
2017/03/17__16:12:11:017,638663234,2017/03/17__16:12:02,1139.71,2.0,sell,2017/03/17__16:12:02,null
2017/03/17__16:12:11:302,638663240,2017/03/17__16:12:02,1140.0,40.0,buy,2017/03/17__16:12:02,null
2017/03/17__16:12:11:913,638663250,2017/03/17__16:12:03,1140.09,10.0,sell,2017/03/17__16:12:03,null
2017/03/17__16:12:13:743,638663281,2017/03/17__16:12:04,1140.09,22.0,sell,2017/03/17__16:12:04,null
2017/03/17__16:12:16:445,638663322,2017/03/17__16:12:07,1140.09,2.0,sell,2017/03/17__16:12:07,null
2017/03/17__16:12:19:464,638663350,2017/03/17__16:12:10,1140.09,60.0,sell,2017/03/17__16:12:10,null
2017/03/17__16:12:24:604,638663415,2017/03/17__16:12:15,1140.09,250.0,sell,2017/03/17__16:12:15,null
2017/03/17__16:12:25:821,638663427,2017/03/17__16:12:16,1140.09,2.0,sell,2017/03/17__16:12:16,null
2017/03/17__16:12:30:638,638663468,2017/03/17__16:12:21,1140.42,10.0,sell,2017/03/17__16:12:21,null
2017/03/17__16:12:31:863,638663485,2017/03/17__16:12:22,1140.42,2.0,sell,2017/03/17__16:12:22,null
2017/03/17__16:12:33:079,638663508,2017/03/17__16:12:23,1140.42,18.0,sell,2017/03/17__16:12:23,null
2017/03/17__16:12:33:978,638663515,2017/03/17__16:12:24,1140.42,200.0,sell,2017/03/17__16:12:24,null
2017/03/17__16:12:34:888,638663530,2017/03/17__16:12:25,1140.42,90.0,sell,2017/03/17__16:12:25,null
2017/03/17__16:12:36:144,638663547,2017/03/17__16:12:27,1140.61,2.0,sell,2017/03/17__16:12:27,null
2017/03/17__16:12:37:017,638663566,2017/03/17__16:12:28,1140.61,22.0,sell,2017/03/17__16:12:28,null
2017/03/17__16:12:37:304,638663571,2017/03/17__16:12:28,1140.61,2.0,sell,2017/03/17__16:12:28,null
2017/03/17__16:12:39:423,638663596,2017/03/17__16:12:30,1140.61,74.0,sell,2017/03/17__16:12:30,null
2017/03/17__16:12:42:455,638663628,2017/03/17__16:12:33,1140.61,22.0,sell,2017/03/17__16:12:33,null
2017/03/17__16:12:43:965,638663645,2017/03/17__16:12:34,1140.61,32.0,sell,2017/03/17__16:12:34,null
2017/03/17__16:12:44:864,638663649,2017/03/17__16:12:35,1140.61,22.0,sell,2017/03/17__16:12:35,null
2017/03/17__16:12:44:864,638663655,2017/03/17__16:12:36,1140.61,20.0,sell,2017/03/17__16:12:36,null
2017/03/17__16:12:46:679,638663671,2017/03/17__16:12:37,1140.61,40.0,sell,2017/03/17__16:12:37,null
2017/03/17__16:12:46:992,638663673,2017/03/17__16:12:38,1140.61,20.0,sell,2017/03/17__16:12:38,null
2017/03/17__16:12:47:281,638663683,2017/03/17__16:12:38,1140.61,220.0,sell,2017/03/17__16:12:38,null
2017/03/17__16:12:49:711,638663711,2017/03/17__16:12:40,1140.61,20.0,sell,2017/03/17__16:12:40,null
2017/03/17__16:12:50:927,638663728,2017/03/17__16:12:42,1140.61,500.0,sell,2017/03/17__16:12:42,null
2017/03/17__16:12:55:145,638663772,2017/03/17__16:12:46,1140.61,20.0,sell,2017/03/17__16:12:46,null
2017/03/17__16:13:01:200,638663831,2017/03/17__16:12:52,1140.61,20.0,sell,2017/03/17__16:12:52,null
2017/03/17__16:13:03:334,638663860,2017/03/17__16:12:54,1140.61,40.0,sell,2017/03/17__16:12:54,null
2017/03/17__16:13:07:864,638663913,2017/03/17__16:12:58,1140.61,100.0,sell,2017/03/17__16:12:58,null
2017/03/17__16:13:09:364,638663926,2017/03/17__16:13:00,1140.61,400.0,sell,2017/03/17__16:13:00,null
2017/03/17__16:13:09:669,638663936,2017/03/17__16:13:00,1140.61,24.0,sell,2017/03/17__16:13:00,null
2017/03/17__16:13:11:200,638663957,2017/03/17__16:13:02,1140.61,44.0,sell,2017/03/17__16:13:02,null
2017/03/17__16:13:12:389,638663967,2017/03/17__16:13:03,1140.61,20.0,sell,2017/03/17__16:13:03,null
2017/03/17__16:13:14:831,638663994,2017/03/17__16:13:05,1140.61,684.0,sell,2017/03/17__16:13:05,null
2017/03/17__16:13:15:447,638664001,2017/03/17__16:13:06,1140.61,88.0,sell,2017/03/17__16:13:06,null
2017/03/17__16:13:17:241,638664017,2017/03/17__16:13:08,1140.61,18.0,sell,2017/03/17__16:13:08,null
2017/03/17__16:13:18:173,638664023,2017/03/17__16:13:09,1140.61,8.0,sell,2017/03/17__16:13:09,null
2017/03/17__16:13:21:192,638664039,2017/03/17__16:13:12,1140.61,8.0,sell,2017/03/17__16:13:12,null
2017/03/17__16:13:22:696,638664047,2017/03/17__16:13:13,1140.61,20.0,sell,2017/03/17__16:13:13,null
2017/03/17__16:13:25:422,638664079,2017/03/17__16:13:16,1141.33,300.0,sell,2017/03/17__16:13:16,null
2017/03/17__16:13:28:162,638664105,2017/03/17__16:13:19,1141.33,10.0,sell,2017/03/17__16:13:19,null
2017/03/17__16:13:30:289,638664121,2017/03/17__16:13:21,1141.33,20.0,sell,2017/03/17__16:13:21,null
2017/03/17__16:13:31:788,638664132,2017/03/17__16:13:22,1141.33,228.0,sell,2017/03/17__16:13:22,null
2017/03/17__16:13:32:399,638664139,2017/03/17__16:13:23,1141.33,36.0,sell,2017/03/17__16:13:23,null
2017/03/17__16:13:45:076,638664259,2017/03/17__16:13:36,1141.33,34.0,sell,2017/03/17__16:13:36,null
2017/03/17__16:13:48:415,638664287,2017/03/17__16:13:39,1142.05,10.0,sell,2017/03/17__16:13:39,null
2017/03/17__16:13:50:821,638664310,2017/03/17__16:13:41,1142.05,36.0,sell,2017/03/17__16:13:41,null
2017/03/17__16:13:55:062,638664350,2017/03/17__16:13:45,1142.05,44.0,sell,2017/03/17__16:13:45,null
2017/03/17__16:13:55:666,638664362,2017/03/17__16:13:46,1142.05,150.0,sell,2017/03/17__16:13:46,null
2017/03/17__16:13:59:597,638664399,2017/03/17__16:13:50,1142.54,586.0,buy,2017/03/17__16:13:50,null
2017/03/17__16:13:59:900,638664404,2017/03/17__16:13:50,1143.18,40.0,sell,2017/03/17__16:13:50,null
2017/03/17__16:14:00:498,638664413,2017/03/17__16:13:51,1143.18,2.0,sell,2017/03/17__16:13:51,null
2017/03/17__16:14:01:708,638664431,2017/03/17__16:13:52,1143.18,140.0,sell,2017/03/17__16:13:52,null
2017/03/17__16:14:15:923,638664612,2017/03/17__16:14:06,1143.72,4.0,sell,2017/03/17__16:14:06,null
2017/03/17__16:14:20:450,638664713,2017/03/17__16:14:11,1144.14,106.0,sell,2017/03/17__16:14:11,null
2017/03/17__16:14:21:660,638664749,2017/03/17__16:14:12,1144.14,22.0,sell,2017/03/17__16:14:12,null
2017/03/17__16:14:23:164,638664801,2017/03/17__16:14:14,1144.14,40.0,sell,2017/03/17__16:14:14,null
2017/03/17__16:14:23:485,638664813,2017/03/17__16:14:14,1145.0,2074.0,buy,2017/03/17__16:14:14,null
2017/03/17__16:14:27:094,638664922,2017/03/17__16:14:18,1145.63,40.0,sell,2017/03/17__16:14:18,null
2017/03/17__16:14:35:860,638665170,2017/03/17__16:14:26,1146.03,72.0,sell,2017/03/17__16:14:26,null
2017/03/17__16:14:37:071,638665205,2017/03/17__16:14:28,1146.03,2.0,sell,2017/03/17__16:14:28,null
2017/03/17__16:14:41:307,638665319,2017/03/17__16:14:32,1146.03,32.0,sell,2017/03/17__16:14:32,null
2017/03/17__16:14:41:611,638665332,2017/03/17__16:14:32,1146.03,2.0,sell,2017/03/17__16:14:32,null
2017/03/17__16:14:42:520,638665356,2017/03/17__16:14:33,1146.03,2.0,sell,2017/03/17__16:14:33,null
2017/03/17__16:14:43:421,638665382,2017/03/17__16:14:34,1146.03,40.0,sell,2017/03/17__16:14:34,null
2017/03/17__16:14:44:945,638665437,2017/03/17__16:14:35,1146.03,4.0,sell,2017/03/17__16:14:35,null
2017/03/17__16:14:45:536,638665447,2017/03/17__16:14:36,1146.03,4.0,sell,2017/03/17__16:14:36,null
2017/03/17__16:14:46:448,638665468,2017/03/17__16:14:37,1146.03,22.0,sell,2017/03/17__16:14:37,null
2017/03/17__16:14:47:050,638665489,2017/03/17__16:14:37,1146.03,40.0,sell,2017/03/17__16:14:37,null
2017/03/17__16:14:47:050,638665497,2017/03/17__16:14:38,1146.38,150.0,sell,2017/03/17__16:14:38,null
2017/03/17__16:14:47:649,638665503,2017/03/17__16:14:38,1146.42,10.0,sell,2017/03/17__16:14:38,null
2017/03/17__16:14:49:465,638665549,2017/03/17__16:14:40,1146.42,12.0,sell,2017/03/17__16:14:40,null
2017/03/17__16:14:50:373,638665568,2017/03/17__16:14:41,1146.42,158.0,sell,2017/03/17__16:14:41,null
2017/03/17__16:15:04:585,638665893,2017/03/17__16:14:55,1146.42,56.0,sell,2017/03/17__16:14:55,null
2017/03/17__16:15:08:505,638665966,2017/03/17__16:14:59,1146.93,4.0,sell,2017/03/17__16:14:59,null
2017/03/17__16:15:09:424,638666007,2017/03/17__16:15:00,1150.0,628.0,buy,2017/03/17__16:15:00,null
2017/03/17__16:15:09:798,638666036,2017/03/17__16:15:00,1155.0,200.0,sell,2017/03/17__16:15:00,null
2017/03/17__16:15:10:934,638666066,2017/03/17__16:15:01,1156.0,210.0,sell,2017/03/17__16:15:01,null
2017/03/17__16:15:11:240,638666072,2017/03/17__16:15:01,1155.01,52.0,sell,2017/03/17__16:15:01,null
2017/03/17__16:15:11:240,638666081,2017/03/17__16:15:02,1155.01,312.0,sell,2017/03/17__16:15:02,null
2017/03/17__16:15:11:539,638666088,2017/03/17__16:15:02,1157.38,600.0,buy,2017/03/17__16:15:02,null
2017/03/17__16:15:11:847,638666107,2017/03/17__16:15:02,1155.0,712.0,sell,2017/03/17__16:15:02,null
2017/03/17__16:15:12:133,638666114,2017/03/17__16:15:03,1155.0,2.0,sell,2017/03/17__16:15:03,null
2017/03/17__16:15:12:432,638666123,2017/03/17__16:15:03,1155.01,22.0,buy,2017/03/17__16:15:03,null
2017/03/17__16:15:13:034,638666142,2017/03/17__16:15:03,1156.17,4.0,sell,2017/03/17__16:15:03,null
2017/03/17__16:15:13:034,638666148,2017/03/17__16:15:04,1157.38,10.0,buy,2017/03/17__16:15:04,null
2017/03/17__16:15:13:348,638666159,2017/03/17__16:15:04,1157.38,22.0,buy,2017/03/17__16:15:04,null
2017/03/17__16:15:13:642,638666167,2017/03/17__16:15:04,1157.38,120.0,buy,2017/03/17__16:15:04,null
2017/03/17__16:15:13:961,638666182,2017/03/17__16:15:04,1156.17,16.0,sell,2017/03/17__16:15:04,null
2017/03/17__16:15:14:249,638666191,2017/03/17__16:15:05,1155.0,188.0,sell,2017/03/17__16:15:05,null
2017/03/17__16:15:14:603,638666234,2017/03/17__16:15:05,1176.16,4736.0,sell,2017/03/17__16:15:05,null
2017/03/17__16:15:14:847,638666255,2017/03/17__16:15:05,1176.16,88.0,sell,2017/03/17__16:15:05,null
2017/03/17__16:15:16:055,638666265,2017/03/17__16:15:06,1176.16,4.0,sell,2017/03/17__16:15:06,null
2017/03/17__16:15:16:368,638666276,2017/03/17__16:15:07,1176.16,2.0,sell,2017/03/17__16:15:07,null
2017/03/17__16:15:16:968,638666306,2017/03/17__16:15:07,1176.16,18.0,sell,2017/03/17__16:15:07,null
2017/03/17__16:15:17:261,638666314,2017/03/17__16:15:08,1176.16,464.0,sell,2017/03/17__16:15:08,null
2017/03/17__16:15:17:565,638666322,2017/03/17__16:15:08,1176.16,52.0,sell,2017/03/17__16:15:08,null
2017/03/17__16:15:17:883,638666343,2017/03/17__16:15:08,1176.16,182.0,sell,2017/03/17__16:15:08,null
2017/03/17__16:15:18:486,638666368,2017/03/17__16:15:09,1176.16,58.0,sell,2017/03/17__16:15:09,null
2017/03/17__16:15:18:779,638666372,2017/03/17__16:15:09,1176.16,1346.0,sell,2017/03/17__16:15:09,null
2017/03/17__16:15:19:082,638666385,2017/03/17__16:15:09,1176.16,6.0,sell,2017/03/17__16:15:09,null
2017/03/17__16:15:19:384,638666394,2017/03/17__16:15:10,1176.16,12.0,sell,2017/03/17__16:15:10,null
2017/03/17__16:15:19:686,638666403,2017/03/17__16:15:10,1176.16,52.0,sell,2017/03/17__16:15:10,null
2017/03/17__16:15:20:287,638666445,2017/03/17__16:15:11,1176.16,572.0,sell,2017/03/17__16:15:11,null
2017/03/17__16:15:20:597,638666450,2017/03/17__16:15:11,1176.16,2.0,sell,2017/03/17__16:15:11,null
2017/03/17__16:15:20:910,638666455,2017/03/17__16:15:11,1176.16,60.0,sell,2017/03/17__16:15:11,null
2017/03/17__16:15:21:500,638666480,2017/03/17__16:15:12,1176.16,296.0,sell,2017/03/17__16:15:12,null
2017/03/17__16:15:22:101,638666490,2017/03/17__16:15:13,1176.16,56.0,sell,2017/03/17__16:15:13,null
2017/03/17__16:15:22:405,638666496,2017/03/17__16:15:13,1176.16,12.0,sell,2017/03/17__16:15:13,null
2017/03/17__16:15:22:708,638666521,2017/03/17__16:15:13,1176.17,14.0,sell,2017/03/17__16:15:13,null
2017/03/17__16:15:23:012,638666531,2017/03/17__16:15:13,1176.16,394.0,sell,2017/03/17__16:15:13,null
2017/03/17__16:15:23:671,638666564,2017/03/17__16:15:14,1179.67,98.0,buy,2017/03/17__16:15:14,null
2017/03/17__16:15:23:956,638666572,2017/03/17__16:15:14,1179.68,14.0,sell,2017/03/17__16:15:14,null
2017/03/17__16:15:23:956,638666599,2017/03/17__16:15:15,1176.16,832.0,sell,2017/03/17__16:15:15,null
2017/03/17__16:15:24:528,638666625,2017/03/17__16:15:15,1179.68,114.0,sell,2017/03/17__16:15:15,null
2017/03/17__16:15:24:840,638666652,2017/03/17__16:15:15,1176.16,1000.0,sell,2017/03/17__16:15:15,null
2017/03/17__16:15:25:172,638666672,2017/03/17__16:15:16,1178.81,396.0,buy,2017/03/17__16:15:16,null
2017/03/17__16:15:26:057,638666710,2017/03/17__16:15:16,1176.16,462.0,sell,2017/03/17__16:15:16,null
2017/03/17__16:15:26:394,638666750,2017/03/17__16:15:17,1155.0,364.0,sell,2017/03/17__16:15:17,null
2017/03/17__16:15:26:643,638666766,2017/03/17__16:15:17,1176.07,216.0,buy,2017/03/17__16:15:17,null
2017/03/17__16:15:26:942,638666771,2017/03/17__16:15:17,1172.53,8.0,buy,2017/03/17__16:15:17,null
2017/03/17__16:15:27:561,638666797,2017/03/17__16:15:18,1166.13,76.0,buy,2017/03/17__16:15:18,null
2017/03/17__16:15:27:850,638666809,2017/03/17__16:15:18,1176.07,108.0,buy,2017/03/17__16:15:18,null
2017/03/17__16:15:28:449,638666834,2017/03/17__16:15:19,1171.95,22.0,sell,2017/03/17__16:15:19,null
2017/03/17__16:15:28:747,638666840,2017/03/17__16:15:19,1171.96,4.0,sell,2017/03/17__16:15:19,null
2017/03/17__16:15:29:072,638666847,2017/03/17__16:15:19,1176.07,20.0,buy,2017/03/17__16:15:19,null
2017/03/17__16:15:29:374,638666854,2017/03/17__16:15:20,1171.96,4.0,sell,2017/03/17__16:15:20,null
2017/03/17__16:15:29:676,638666864,2017/03/17__16:15:20,1171.95,12.0,sell,2017/03/17__16:15:20,null
2017/03/17__16:15:30:580,638666890,2017/03/17__16:15:21,1174.17,70.0,buy,2017/03/17__16:15:21,null
2017/03/17__16:15:31:213,638666918,2017/03/17__16:15:22,1174.17,362.0,buy,2017/03/17__16:15:22,null
2017/03/17__16:15:31:809,638666948,2017/03/17__16:15:22,1176.0,770.0,sell,2017/03/17__16:15:22,null
2017/03/17__16:15:32:690,638666970,2017/03/17__16:15:23,1176.01,4.0,sell,2017/03/17__16:15:23,null
2017/03/17__16:15:33:000,638666981,2017/03/17__16:15:23,1176.06,1016.0,buy,2017/03/17__16:15:23,null
2017/03/17__16:15:33:298,638666992,2017/03/17__16:15:24,1176.0,964.0,sell,2017/03/17__16:15:24,null
2017/03/17__16:15:33:607,638667008,2017/03/17__16:15:24,1176.0,386.0,sell,2017/03/17__16:15:24,null
2017/03/17__16:15:33:911,638667017,2017/03/17__16:15:24,1176.0,82.0,sell,2017/03/17__16:15:24,null
2017/03/17__16:15:34:220,638667029,2017/03/17__16:15:25,1176.0,112.0,sell,2017/03/17__16:15:25,null
2017/03/17__16:15:34:531,638667037,2017/03/17__16:15:25,1176.0,20.0,sell,2017/03/17__16:15:25,null
2017/03/17__16:15:34:845,638667051,2017/03/17__16:15:25,1176.0,2366.0,sell,2017/03/17__16:15:25,null
2017/03/17__16:15:35:444,638667062,2017/03/17__16:15:26,1176.06,284.0,buy,2017/03/17__16:15:26,null
2017/03/17__16:15:35:741,638667074,2017/03/17__16:15:26,1176.0,1052.0,sell,2017/03/17__16:15:26,null
2017/03/17__16:15:36:647,638667093,2017/03/17__16:15:27,1176.0,52.0,sell,2017/03/17__16:15:27,null
2017/03/17__16:15:36:981,638667107,2017/03/17__16:15:27,1176.0,494.0,sell,2017/03/17__16:15:27,null
2017/03/17__16:15:37:276,638667114,2017/03/17__16:15:28,1176.05,20.0,buy,2017/03/17__16:15:28,null
2017/03/17__16:15:37:553,638667128,2017/03/17__16:15:28,1176.0,990.0,sell,2017/03/17__16:15:28,null
2017/03/17__16:15:37:860,638667136,2017/03/17__16:15:28,1176.07,896.0,buy,2017/03/17__16:15:28,null
2017/03/17__16:15:38:161,638667138,2017/03/17__16:15:28,1176.0,46.0,sell,2017/03/17__16:15:28,null
2017/03/17__16:15:38:161,638667152,2017/03/17__16:15:29,1176.0,3598.0,sell,2017/03/17__16:15:29,null
2017/03/17__16:15:38:484,638667159,2017/03/17__16:15:29,1176.06,4.0,sell,2017/03/17__16:15:29,null
2017/03/17__16:15:38:779,638667175,2017/03/17__16:15:29,1173.62,298.0,sell,2017/03/17__16:15:29,null
2017/03/17__16:15:39:086,638667185,2017/03/17__16:15:29,1176.0,116.0,buy,2017/03/17__16:15:29,null
2017/03/17__16:15:39:677,638667197,2017/03/17__16:15:30,1173.53,6.0,sell,2017/03/17__16:15:30,null
2017/03/17__16:15:40:053,638667226,2017/03/17__16:15:30,1171.95,286.0,sell,2017/03/17__16:15:30,null
2017/03/17__16:15:41:185,638667240,2017/03/17__16:15:31,1171.95,2.0,sell,2017/03/17__16:15:31,null
2017/03/17__16:15:41:185,638667244,2017/03/17__16:15:32,1171.95,214.0,sell,2017/03/17__16:15:32,null
2017/03/17__16:15:41:487,638667257,2017/03/17__16:15:32,1171.95,292.0,sell,2017/03/17__16:15:32,null
2017/03/17__16:15:41:790,638667269,2017/03/17__16:15:32,1171.95,68.0,sell,2017/03/17__16:15:32,null
2017/03/17__16:15:42:704,638667285,2017/03/17__16:15:33,1171.95,16.0,sell,2017/03/17__16:15:33,null
2017/03/17__16:15:43:014,638667299,2017/03/17__16:15:33,1174.76,116.0,buy,2017/03/17__16:15:33,null
2017/03/17__16:15:43:014,638667310,2017/03/17__16:15:34,1171.95,298.0,sell,2017/03/17__16:15:34,null
2017/03/17__16:15:43:898,638667326,2017/03/17__16:15:35,1171.95,2.0,buy,2017/03/17__16:15:35,null
2017/03/17__16:15:44:513,638667343,2017/03/17__16:15:35,1167.17,20.0,buy,2017/03/17__16:15:35,null
2017/03/17__16:15:45:411,638667363,2017/03/17__16:15:36,1170.85,10.0,sell,2017/03/17__16:15:36,null
2017/03/17__16:15:45:717,638667371,2017/03/17__16:15:36,1171.95,18.0,buy,2017/03/17__16:15:36,null
2017/03/17__16:15:46:015,638667388,2017/03/17__16:15:36,1167.86,2.0,buy,2017/03/17__16:15:36,null
2017/03/17__16:15:46:363,638667414,2017/03/17__16:15:37,1172.16,490.0,buy,2017/03/17__16:15:37,null
2017/03/17__16:15:47:222,638667436,2017/03/17__16:15:38,1167.17,4.0,buy,2017/03/17__16:15:38,null
2017/03/17__16:15:47:833,638667457,2017/03/17__16:15:38,1166.08,22.0,sell,2017/03/17__16:15:38,null
2017/03/17__16:15:48:746,638667478,2017/03/17__16:15:39,1169.8,200.0,buy,2017/03/17__16:15:39,null
2017/03/17__16:15:49:646,638667505,2017/03/17__16:15:40,1166.08,236.0,sell,2017/03/17__16:15:40,null
2017/03/17__16:15:50:238,638667515,2017/03/17__16:15:41,1166.09,2.0,buy,2017/03/17__16:15:41,null
2017/03/17__16:15:50:846,638667536,2017/03/17__16:15:41,1167.17,44.0,buy,2017/03/17__16:15:41,null
2017/03/17__16:15:51:445,638667548,2017/03/17__16:15:42,1167.17,24.0,buy,2017/03/17__16:15:42,null
2017/03/17__16:15:51:748,638667560,2017/03/17__16:15:42,1167.0,116.0,sell,2017/03/17__16:15:42,null
2017/03/17__16:15:52:050,638667570,2017/03/17__16:15:43,1167.17,44.0,buy,2017/03/17__16:15:43,null
2017/03/17__16:15:52:362,638667574,2017/03/17__16:15:43,1167.17,60.0,buy,2017/03/17__16:15:43,null
2017/03/17__16:15:52:655,638667583,2017/03/17__16:15:43,1167.0,252.0,sell,2017/03/17__16:15:43,null
2017/03/17__16:15:53:260,638667594,2017/03/17__16:15:44,1167.17,484.0,buy,2017/03/17__16:15:44,null
2017/03/17__16:15:53:563,638667608,2017/03/17__16:15:44,1167.0,18.0,sell,2017/03/17__16:15:44,null
2017/03/17__16:15:54:167,638667625,2017/03/17__16:15:45,1167.17,466.0,buy,2017/03/17__16:15:45,null
2017/03/17__16:15:54:467,638667631,2017/03/17__16:15:45,1167.0,18.0,sell,2017/03/17__16:15:45,null
2017/03/17__16:15:54:773,638667638,2017/03/17__16:15:45,1167.17,534.0,buy,2017/03/17__16:15:45,null
2017/03/17__16:15:55:080,638667657,2017/03/17__16:15:46,1167.17,6.0,buy,2017/03/17__16:15:46,null
2017/03/17__16:15:55:412,638667684,2017/03/17__16:15:46,1163.7,1676.0,sell,2017/03/17__16:15:46,null
2017/03/17__16:15:55:679,638667692,2017/03/17__16:15:46,1163.59,146.0,buy,2017/03/17__16:15:46,null
2017/03/17__16:15:56:277,638667710,2017/03/17__16:15:47,1163.59,296.0,buy,2017/03/17__16:15:47,null
2017/03/17__16:15:57:199,638667732,2017/03/17__16:15:47,1163.18,42.0,sell,2017/03/17__16:15:47,null
2017/03/17__16:15:57:199,638667740,2017/03/17__16:15:48,1163.19,2.0,buy,2017/03/17__16:15:48,null
2017/03/17__16:15:57:484,638667746,2017/03/17__16:15:48,1163.19,2.0,buy,2017/03/17__16:15:48,null
2017/03/17__16:15:57:797,638667761,2017/03/17__16:15:48,1163.59,1166.0,buy,2017/03/17__16:15:48,null
2017/03/17__16:15:58:109,638667780,2017/03/17__16:15:48,1166.07,1710.0,buy,2017/03/17__16:15:48,null
2017/03/17__16:15:58:404,638667787,2017/03/17__16:15:49,1163.18,170.0,sell,2017/03/17__16:15:49,null
2017/03/17__16:15:59:018,638667807,2017/03/17__16:15:49,1163.18,32.0,sell,2017/03/17__16:15:49,null
2017/03/17__16:15:59:350,638667826,2017/03/17__16:15:50,1160.28,3432.0,sell,2017/03/17__16:15:50,null
2017/03/17__16:15:59:633,638667843,2017/03/17__16:15:50,1159.99,40.0,buy,2017/03/17__16:15:50,null
2017/03/17__16:16:00:219,638667856,2017/03/17__16:15:50,1159.99,2.0,buy,2017/03/17__16:15:50,null
2017/03/17__16:16:00:816,638667864,2017/03/17__16:15:51,1159.99,16.0,buy,2017/03/17__16:15:51,null
2017/03/17__16:16:01:440,638667885,2017/03/17__16:15:52,1161.85,20.0,buy,2017/03/17__16:15:52,null
2017/03/17__16:16:01:743,638667895,2017/03/17__16:15:52,1162.37,36.0,buy,2017/03/17__16:15:52,null
2017/03/17__16:16:02:045,638667909,2017/03/17__16:15:52,1163.19,100.0,sell,2017/03/17__16:15:52,null
2017/03/17__16:16:02:045,638667913,2017/03/17__16:15:53,1163.19,230.0,sell,2017/03/17__16:15:53,null
2017/03/17__16:16:02:378,638667927,2017/03/17__16:15:53,1164.08,50.0,buy,2017/03/17__16:15:53,null
2017/03/17__16:16:02:950,638667945,2017/03/17__16:15:53,1164.99,22.0,sell,2017/03/17__16:15:53,null
2017/03/17__16:16:03:862,638667972,2017/03/17__16:15:54,1166.06,74.0,buy,2017/03/17__16:15:54,null
2017/03/17__16:16:04:470,638667980,2017/03/17__16:15:55,1163.21,50.0,sell,2017/03/17__16:15:55,null
2017/03/17__16:16:06:577,638668031,2017/03/17__16:15:57,1163.58,2.0,buy,2017/03/17__16:15:57,null
2017/03/17__16:16:06:878,638668039,2017/03/17__16:15:57,1163.47,22.0,sell,2017/03/17__16:15:57,null
2017/03/17__16:16:07:490,638668065,2017/03/17__16:15:58,1166.06,396.0,buy,2017/03/17__16:15:58,null
2017/03/17__16:16:09:593,638668101,2017/03/17__16:16:00,1165.0,2.0,sell,2017/03/17__16:16:00,null
2017/03/17__16:16:10:501,638668131,2017/03/17__16:16:01,1165.8,18.0,buy,2017/03/17__16:16:01,null
2017/03/17__16:16:12:041,638668161,2017/03/17__16:16:02,1165.8,46.0,buy,2017/03/17__16:16:02,null
2017/03/17__16:16:12:041,638668169,2017/03/17__16:16:03,1165.35,20.0,buy,2017/03/17__16:16:03,null
2017/03/17__16:16:13:526,638668199,2017/03/17__16:16:04,1165.35,102.0,buy,2017/03/17__16:16:04,null
2017/03/17__16:16:14:129,638668208,2017/03/17__16:16:04,1165.35,22.0,buy,2017/03/17__16:16:04,null
2017/03/17__16:16:15:046,638668234,2017/03/17__16:16:05,1167.0,210.0,buy,2017/03/17__16:16:05,null
2017/03/17__16:16:15:680,638668273,2017/03/17__16:16:06,1163.72,232.0,sell,2017/03/17__16:16:06,null
2017/03/17__16:16:16:562,638668288,2017/03/17__16:16:07,1165.93,2.0,sell,2017/03/17__16:16:07,null
2017/03/17__16:16:16:853,638668292,2017/03/17__16:16:07,1165.93,22.0,sell,2017/03/17__16:16:07,null
2017/03/17__16:16:17:465,638668316,2017/03/17__16:16:08,1165.93,2.0,sell,2017/03/17__16:16:08,null
2017/03/17__16:16:18:064,638668322,2017/03/17__16:16:08,1165.93,20.0,sell,2017/03/17__16:16:08,null
2017/03/17__16:16:18:362,638668332,2017/03/17__16:16:09,1165.8,138.0,sell,2017/03/17__16:16:09,null
2017/03/17__16:16:18:965,638668349,2017/03/17__16:16:09,1166.07,6.0,buy,2017/03/17__16:16:09,null
2017/03/17__16:16:19:875,638668363,2017/03/17__16:16:10,1166.07,232.0,buy,2017/03/17__16:16:10,null
2017/03/17__16:16:20:495,638668389,2017/03/17__16:16:11,1163.47,116.0,sell,2017/03/17__16:16:11,null
2017/03/17__16:16:22:028,638668427,2017/03/17__16:16:12,1166.07,542.0,buy,2017/03/17__16:16:12,null
2017/03/17__16:16:22:299,638668436,2017/03/17__16:16:13,1166.08,42.0,sell,2017/03/17__16:16:13,null
2017/03/17__16:16:23:211,638668456,2017/03/17__16:16:14,1166.08,4.0,sell,2017/03/17__16:16:14,null
2017/03/17__16:16:23:509,638668461,2017/03/17__16:16:14,1166.08,344.0,sell,2017/03/17__16:16:14,null
2017/03/17__16:16:24:713,638668494,2017/03/17__16:16:15,1163.04,122.0,sell,2017/03/17__16:16:15,null
2017/03/17__16:16:25:017,638668501,2017/03/17__16:16:15,1163.0,18.0,buy,2017/03/17__16:16:15,null
2017/03/17__16:16:25:323,638668514,2017/03/17__16:16:16,1163.0,92.0,buy,2017/03/17__16:16:16,null
2017/03/17__16:16:26:528,638668535,2017/03/17__16:16:17,1163.9,2.0,sell,2017/03/17__16:16:17,null
2017/03/17__16:16:27:139,638668558,2017/03/17__16:16:17,1166.07,64.0,buy,2017/03/17__16:16:17,null
2017/03/17__16:16:27:439,638668564,2017/03/17__16:16:18,1163.9,22.0,sell,2017/03/17__16:16:18,null
2017/03/17__16:16:29:260,638668613,2017/03/17__16:16:19,1163.9,232.0,sell,2017/03/17__16:16:19,null
2017/03/17__16:16:29:868,638668632,2017/03/17__16:16:20,1166.07,234.0,buy,2017/03/17__16:16:20,null
2017/03/17__16:16:31:376,638668674,2017/03/17__16:16:22,1166.07,932.0,buy,2017/03/17__16:16:22,null
2017/03/17__16:16:31:673,638668684,2017/03/17__16:16:22,1166.07,150.0,buy,2017/03/17__16:16:22,null
2017/03/17__16:16:31:995,638668701,2017/03/17__16:16:22,1166.07,1010.0,buy,2017/03/17__16:16:22,null
2017/03/17__16:16:32:293,638668713,2017/03/17__16:16:23,1166.08,4.0,sell,2017/03/17__16:16:23,null
2017/03/17__16:16:32:882,638668730,2017/03/17__16:16:23,1166.08,160.0,sell,2017/03/17__16:16:23,null
2017/03/17__16:16:33:489,638668751,2017/03/17__16:16:24,1166.08,116.0,sell,2017/03/17__16:16:24,null
2017/03/17__16:16:34:089,638668762,2017/03/17__16:16:24,1166.08,2.0,sell,2017/03/17__16:16:24,null
2017/03/17__16:16:34:403,638668772,2017/03/17__16:16:25,1166.08,10.0,sell,2017/03/17__16:16:25,null
2017/03/17__16:16:34:711,638668786,2017/03/17__16:16:25,1167.01,146.0,buy,2017/03/17__16:16:25,null
2017/03/17__16:16:35:319,638668800,2017/03/17__16:16:25,1168.78,232.0,buy,2017/03/17__16:16:25,null
2017/03/17__16:16:35:907,638668817,2017/03/17__16:16:26,1167.53,2.0,sell,2017/03/17__16:16:26,null
2017/03/17__16:16:36:200,638668828,2017/03/17__16:16:26,1168.77,118.0,buy,2017/03/17__16:16:26,null
2017/03/17__16:16:36:505,638668835,2017/03/17__16:16:27,1167.53,232.0,sell,2017/03/17__16:16:27,null
2017/03/17__16:16:36:806,638668849,2017/03/17__16:16:27,1166.08,1166.0,sell,2017/03/17__16:16:27,null
2017/03/17__16:16:37:109,638668863,2017/03/17__16:16:27,1166.08,2.0,sell,2017/03/17__16:16:27,null
2017/03/17__16:16:37:415,638668865,2017/03/17__16:16:28,1167.52,2.0,buy,2017/03/17__16:16:28,null
2017/03/17__16:16:37:724,638668876,2017/03/17__16:16:28,1166.08,30.0,sell,2017/03/17__16:16:28,null
2017/03/17__16:16:38:038,638668894,2017/03/17__16:16:28,1166.07,634.0,buy,2017/03/17__16:16:28,null
2017/03/17__16:16:38:625,638668910,2017/03/17__16:16:29,1166.07,232.0,buy,2017/03/17__16:16:29,null
2017/03/17__16:16:38:933,638668930,2017/03/17__16:16:29,1166.07,194.0,buy,2017/03/17__16:16:29,null
2017/03/17__16:16:41:034,638668974,2017/03/17__16:16:31,1166.07,250.0,buy,2017/03/17__16:16:31,null
2017/03/17__16:16:41:337,638668990,2017/03/17__16:16:32,1165.0,4.0,sell,2017/03/17__16:16:32,null
2017/03/17__16:16:42:542,638669007,2017/03/17__16:16:33,1165.0,10.0,sell,2017/03/17__16:16:33,null
2017/03/17__16:16:43:491,638669025,2017/03/17__16:16:34,1165.0,106.0,sell,2017/03/17__16:16:34,null
2017/03/17__16:16:44:089,638669041,2017/03/17__16:16:34,1164.91,2.0,buy,2017/03/17__16:16:34,null
2017/03/17__16:16:44:383,638669057,2017/03/17__16:16:35,1164.05,2.0,sell,2017/03/17__16:16:35,null
2017/03/17__16:16:44:696,638669070,2017/03/17__16:16:35,1166.07,224.0,buy,2017/03/17__16:16:35,null
2017/03/17__16:16:45:300,638669079,2017/03/17__16:16:36,1164.0,234.0,sell,2017/03/17__16:16:36,null
2017/03/17__16:16:47:105,638669119,2017/03/17__16:16:38,1164.0,24.0,sell,2017/03/17__16:16:38,null
2017/03/17__16:16:47:707,638669147,2017/03/17__16:16:38,1163.9,724.0,sell,2017/03/17__16:16:38,null
2017/03/17__16:16:48:617,638669173,2017/03/17__16:16:39,1163.75,2.0,buy,2017/03/17__16:16:39,null
2017/03/17__16:16:49:240,638669204,2017/03/17__16:16:40,1162.2,242.0,sell,2017/03/17__16:16:40,null
2017/03/17__16:16:49:819,638669213,2017/03/17__16:16:40,1162.2,212.0,sell,2017/03/17__16:16:40,null
2017/03/17__16:16:50:729,638669235,2017/03/17__16:16:41,1162.02,170.0,sell,2017/03/17__16:16:41,null
2017/03/17__16:16:51:643,638669251,2017/03/17__16:16:42,1162.02,230.0,sell,2017/03/17__16:16:42,null
2017/03/17__16:16:52:235,638669263,2017/03/17__16:16:43,1162.0,36.0,buy,2017/03/17__16:16:43,null
2017/03/17__16:16:52:570,638669289,2017/03/17__16:16:43,1160.1,318.0,sell,2017/03/17__16:16:43,null
2017/03/17__16:16:53:443,638669299,2017/03/17__16:16:44,1161.99,20.0,buy,2017/03/17__16:16:44,null
2017/03/17__16:16:54:371,638669337,2017/03/17__16:16:45,1160.1,206.0,sell,2017/03/17__16:16:45,null
2017/03/17__16:16:54:660,638669349,2017/03/17__16:16:45,1161.99,40.0,buy,2017/03/17__16:16:45,null
2017/03/17__16:16:55:256,638669372,2017/03/17__16:16:46,1161.99,10.0,buy,2017/03/17__16:16:46,null
2017/03/17__16:16:56:182,638669391,2017/03/17__16:16:47,1160.1,20.0,sell,2017/03/17__16:16:47,null
2017/03/17__16:16:56:484,638669415,2017/03/17__16:16:47,1158.83,312.0,buy,2017/03/17__16:16:47,null
2017/03/17__16:16:57:687,638669449,2017/03/17__16:16:48,1157.1,122.0,sell,2017/03/17__16:16:48,null
2017/03/17__16:16:57:977,638669455,2017/03/17__16:16:49,1157.1,30.0,sell,2017/03/17__16:16:49,null
2017/03/17__16:16:58:284,638669459,2017/03/17__16:16:49,1158.82,2.0,buy,2017/03/17__16:16:49,null
2017/03/17__16:16:58:599,638669489,2017/03/17__16:16:49,1153.91,528.0,sell,2017/03/17__16:16:49,null
2017/03/17__16:16:59:185,638669502,2017/03/17__16:16:50,1155.93,4.0,buy,2017/03/17__16:16:50,null
2017/03/17__16:16:59:490,638669508,2017/03/17__16:16:50,1155.93,12.0,buy,2017/03/17__16:16:50,null
2017/03/17__16:16:59:795,638669515,2017/03/17__16:16:50,1153.91,40.0,sell,2017/03/17__16:16:50,null
2017/03/17__16:17:00:423,638669541,2017/03/17__16:16:51,1155.93,8.0,buy,2017/03/17__16:16:51,null
2017/03/17__16:17:01:003,638669552,2017/03/17__16:16:52,1155.93,4.0,buy,2017/03/17__16:16:52,null
2017/03/17__16:17:01:310,638669556,2017/03/17__16:16:52,1155.07,2.0,sell,2017/03/17__16:16:52,null
2017/03/17__16:17:01:611,638669571,2017/03/17__16:16:52,1157.1,52.0,buy,2017/03/17__16:16:52,null
2017/03/17__16:17:01:918,638669579,2017/03/17__16:16:53,1155.07,2.0,sell,2017/03/17__16:16:53,null
2017/03/17__16:17:02:221,638669586,2017/03/17__16:16:53,1155.21,100.0,sell,2017/03/17__16:16:53,null
2017/03/17__16:17:03:127,638669604,2017/03/17__16:16:54,1155.21,22.0,sell,2017/03/17__16:16:54,null
2017/03/17__16:17:03:430,638669616,2017/03/17__16:16:54,1157.15,20.0,sell,2017/03/17__16:16:54,null
2017/03/17__16:17:04:032,638669636,2017/03/17__16:16:55,1157.16,60.0,sell,2017/03/17__16:16:55,null
2017/03/17__16:17:06:148,638669687,2017/03/17__16:16:57,1155.94,20.0,sell,2017/03/17__16:16:57,null
2017/03/17__16:17:06:501,638669721,2017/03/17__16:16:57,1158.83,390.0,buy,2017/03/17__16:16:57,null
2017/03/17__16:17:06:761,638669725,2017/03/17__16:16:58,1158.83,12.0,buy,2017/03/17__16:16:58,null
2017/03/17__16:17:07:078,638669741,2017/03/17__16:16:58,1155.94,206.0,sell,2017/03/17__16:16:58,null
2017/03/17__16:17:07:664,638669755,2017/03/17__16:16:59,1155.94,556.0,sell,2017/03/17__16:16:59,null
2017/03/17__16:17:08:873,638669788,2017/03/17__16:16:59,1155.93,102.0,buy,2017/03/17__16:16:59,null
2017/03/17__16:17:09:482,638669799,2017/03/17__16:17:00,1155.93,84.0,buy,2017/03/17__16:17:00,null
2017/03/17__16:17:09:778,638669819,2017/03/17__16:17:00,1156.0,232.0,sell,2017/03/17__16:17:00,null
2017/03/17__16:17:10:381,638669828,2017/03/17__16:17:01,1156.0,128.0,sell,2017/03/17__16:17:01,null
2017/03/17__16:17:11:899,638669873,2017/03/17__16:17:02,1155.94,114.0,sell,2017/03/17__16:17:02,null
2017/03/17__16:17:13:407,638669906,2017/03/17__16:17:04,1158.82,8.0,buy,2017/03/17__16:17:04,null
2017/03/17__16:17:13:706,638669922,2017/03/17__16:17:04,1158.82,2.0,sell,2017/03/17__16:17:04,null
2017/03/17__16:17:14:008,638669928,2017/03/17__16:17:05,1156.24,4.0,sell,2017/03/17__16:17:05,null
2017/03/17__16:17:14:620,638669952,2017/03/17__16:17:05,1158.81,20.0,buy,2017/03/17__16:17:05,null
2017/03/17__16:17:15:227,638669979,2017/03/17__16:17:06,1156.23,1078.0,sell,2017/03/17__16:17:06,null
2017/03/17__16:17:15:521,638669987,2017/03/17__16:17:06,1155.95,10.0,sell,2017/03/17__16:17:06,null
2017/03/17__16:17:16:436,638670023,2017/03/17__16:17:07,1156.26,40.0,sell,2017/03/17__16:17:07,null
2017/03/17__16:17:16:725,638670034,2017/03/17__16:17:07,1158.82,60.0,buy,2017/03/17__16:17:07,null
2017/03/17__16:17:17:323,638670051,2017/03/17__16:17:08,1155.95,94.0,sell,2017/03/17__16:17:08,null
2017/03/17__16:17:18:852,638670088,2017/03/17__16:17:10,1156.27,18.0,sell,2017/03/17__16:17:10,null
2017/03/17__16:17:19:451,638670108,2017/03/17__16:17:10,1158.82,556.0,buy,2017/03/17__16:17:10,null
2017/03/17__16:17:19:750,638670124,2017/03/17__16:17:10,1158.83,1158.0,buy,2017/03/17__16:17:10,null
2017/03/17__16:17:21:253,638670150,2017/03/17__16:17:12,1156.33,124.0,sell,2017/03/17__16:17:12,null
2017/03/17__16:17:22:160,638670178,2017/03/17__16:17:13,1158.83,232.0,buy,2017/03/17__16:17:13,null
2017/03/17__16:17:22:471,638670180,2017/03/17__16:17:13,1158.83,210.0,buy,2017/03/17__16:17:13,null
2017/03/17__16:17:22:773,638670195,2017/03/17__16:17:13,1160.1,1598.0,buy,2017/03/17__16:17:13,null
2017/03/17__16:17:23:077,638670198,2017/03/17__16:17:14,1160.14,28.0,sell,2017/03/17__16:17:14,null
2017/03/17__16:17:23:364,638670205,2017/03/17__16:17:14,1160.14,10.0,sell,2017/03/17__16:17:14,null
2017/03/17__16:17:23:674,638670211,2017/03/17__16:17:14,1160.14,164.0,sell,2017/03/17__16:17:14,null
2017/03/17__16:17:23:978,638670216,2017/03/17__16:17:14,1160.14,30.0,sell,2017/03/17__16:17:14,null
2017/03/17__16:17:23:978,638670234,2017/03/17__16:17:15,1160.14,32.0,sell,2017/03/17__16:17:15,null
2017/03/17__16:17:24:276,638670238,2017/03/17__16:17:15,1160.14,70.0,sell,2017/03/17__16:17:15,null
2017/03/17__16:17:24:583,638670245,2017/03/17__16:17:15,1160.14,90.0,sell,2017/03/17__16:17:15,null
2017/03/17__16:17:24:893,638670258,2017/03/17__16:17:15,1160.14,60.0,sell,2017/03/17__16:17:15,null
2017/03/17__16:17:25:810,638670295,2017/03/17__16:17:16,1161.73,116.0,buy,2017/03/17__16:17:16,null
2017/03/17__16:17:25:810,638670303,2017/03/17__16:17:17,1160.14,40.0,sell,2017/03/17__16:17:17,null
2017/03/17__16:17:26:695,638670318,2017/03/17__16:17:17,1160.14,114.0,sell,2017/03/17__16:17:17,null
2017/03/17__16:17:27:599,638670339,2017/03/17__16:17:18,1160.14,46.0,sell,2017/03/17__16:17:18,null
2017/03/17__16:17:28:837,638670375,2017/03/17__16:17:20,1161.73,186.0,buy,2017/03/17__16:17:20,null
2017/03/17__16:17:29:716,638670396,2017/03/17__16:17:20,1161.0,18.0,sell,2017/03/17__16:17:20,null
2017/03/17__16:17:30:929,638670419,2017/03/17__16:17:21,1160.91,18.0,sell,2017/03/17__16:17:21,null
2017/03/17__16:17:31:247,638670447,2017/03/17__16:17:22,1161.73,108.0,buy,2017/03/17__16:17:22,null
2017/03/17__16:17:31:530,638670453,2017/03/17__16:17:22,1161.73,10.0,buy,2017/03/17__16:17:22,null
2017/03/17__16:17:32:426,638670460,2017/03/17__16:17:22,1160.91,2.0,sell,2017/03/17__16:17:22,null
2017/03/17__16:17:32:426,638670468,2017/03/17__16:17:23,1160.92,2.0,sell,2017/03/17__16:17:23,null
2017/03/17__16:17:33:035,638670485,2017/03/17__16:17:23,1160.91,26.0,sell,2017/03/17__16:17:23,null
2017/03/17__16:17:34:539,638670520,2017/03/17__16:17:25,1161.73,238.0,buy,2017/03/17__16:17:25,null
2017/03/17__16:17:35:482,638670548,2017/03/17__16:17:26,1160.14,24.0,sell,2017/03/17__16:17:26,null
2017/03/17__16:17:36:054,638670572,2017/03/17__16:17:27,1160.13,4.0,buy,2017/03/17__16:17:27,null
2017/03/17__16:17:37:259,638670604,2017/03/17__16:17:28,1160.13,62.0,buy,2017/03/17__16:17:28,null
2017/03/17__16:17:39:975,638670652,2017/03/17__16:17:30,1159.34,40.0,sell,2017/03/17__16:17:30,null
2017/03/17__16:17:40:277,638670657,2017/03/17__16:17:31,1160.13,50.0,buy,2017/03/17__16:17:31,null
2017/03/17__16:17:41:501,638670695,2017/03/17__16:17:32,1159.34,42.0,sell,2017/03/17__16:17:32,null
2017/03/17__16:17:42:083,638670712,2017/03/17__16:17:33,1159.19,2.0,buy,2017/03/17__16:17:33,null
2017/03/17__16:17:43:311,638670739,2017/03/17__16:17:34,1158.84,300.0,sell,2017/03/17__16:17:34,null
2017/03/17__16:17:43:942,638670746,2017/03/17__16:17:34,1158.83,2.0,buy,2017/03/17__16:17:34,null
2017/03/17__16:17:43:942,638670763,2017/03/17__16:17:35,1158.83,58.0,buy,2017/03/17__16:17:35,null
2017/03/17__16:17:44:513,638670771,2017/03/17__16:17:35,1159.41,26.0,buy,2017/03/17__16:17:35,null
2017/03/17__16:17:44:818,638670786,2017/03/17__16:17:35,1159.41,6.0,buy,2017/03/17__16:17:35,null
2017/03/17__16:17:45:127,638670797,2017/03/17__16:17:35,1160.12,306.0,buy,2017/03/17__16:17:35,null
2017/03/17__16:17:45:727,638670816,2017/03/17__16:17:36,1158.69,22.0,sell,2017/03/17__16:17:36,null
2017/03/17__16:17:46:641,638670840,2017/03/17__16:17:37,1158.83,100.0,buy,2017/03/17__16:17:37,null
2017/03/17__16:17:47:520,638670867,2017/03/17__16:17:38,1158.83,4.0,buy,2017/03/17__16:17:38,null
2017/03/17__16:17:48:123,638670872,2017/03/17__16:17:39,1158.69,2.0,sell,2017/03/17__16:17:39,null
2017/03/17__16:17:49:038,638670888,2017/03/17__16:17:39,1158.69,168.0,sell,2017/03/17__16:17:39,null
2017/03/17__16:17:49:343,638670897,2017/03/17__16:17:40,1158.69,2.0,buy,2017/03/17__16:17:40,null
2017/03/17__16:17:51:751,638670942,2017/03/17__16:17:42,1158.54,46.0,buy,2017/03/17__16:17:42,null
2017/03/17__16:17:52:372,638670967,2017/03/17__16:17:43,1157.15,22.0,sell,2017/03/17__16:17:43,null
2017/03/17__16:17:52:951,638670994,2017/03/17__16:17:43,1158.67,22.0,buy,2017/03/17__16:17:43,null
2017/03/17__16:17:53:557,638671011,2017/03/17__16:17:44,1157.1,122.0,sell,2017/03/17__16:17:44,null
2017/03/17__16:17:54:767,638671035,2017/03/17__16:17:45,1157.1,6.0,buy,2017/03/17__16:17:45,null
2017/03/17__16:17:55:066,638671051,2017/03/17__16:17:46,1156.4,56.0,sell,2017/03/17__16:17:46,null
2017/03/17__16:17:55:374,638671062,2017/03/17__16:17:46,1157.1,34.0,buy,2017/03/17__16:17:46,null
2017/03/17__16:17:56:604,638671105,2017/03/17__16:17:47,1156.24,74.0,sell,2017/03/17__16:17:47,null
2017/03/17__16:17:57:807,638671131,2017/03/17__16:17:48,1156.08,200.0,sell,2017/03/17__16:17:48,null
2017/03/17__16:17:58:122,638671148,2017/03/17__16:17:49,1158.83,230.0,buy,2017/03/17__16:17:49,null
2017/03/17__16:17:58:413,638671159,2017/03/17__16:17:49,1158.83,34.0,buy,2017/03/17__16:17:49,null
2017/03/17__16:18:00:256,638671201,2017/03/17__16:17:51,1156.24,28.0,buy,2017/03/17__16:17:51,null
2017/03/17__16:18:01:140,638671230,2017/03/17__16:17:52,1157.09,110.0,buy,2017/03/17__16:17:52,null
2017/03/17__16:18:02:046,638671244,2017/03/17__16:17:53,1157.09,2.0,buy,2017/03/17__16:17:53,null
2017/03/17__16:18:02:977,638671267,2017/03/17__16:17:54,1156.08,140.0,sell,2017/03/17__16:17:54,null
2017/03/17__16:18:03:564,638671290,2017/03/17__16:17:54,1158.1,230.0,buy,2017/03/17__16:17:54,null
2017/03/17__16:18:05:073,638671326,2017/03/17__16:17:56,1156.08,328.0,sell,2017/03/17__16:17:56,null
2017/03/17__16:18:05:982,638671345,2017/03/17__16:17:57,1156.08,6.0,sell,2017/03/17__16:17:57,null
2017/03/17__16:18:06:296,638671362,2017/03/17__16:17:57,1156.08,120.0,sell,2017/03/17__16:17:57,null
2017/03/17__16:18:06:587,638671377,2017/03/17__16:17:57,1156.08,58.0,sell,2017/03/17__16:17:57,null
2017/03/17__16:18:06:891,638671386,2017/03/17__16:17:57,1158.83,230.0,buy,2017/03/17__16:17:57,null
2017/03/17__16:18:08:089,638671414,2017/03/17__16:17:59,1156.08,24.0,sell,2017/03/17__16:17:59,null
2017/03/17__16:18:08:698,638671433,2017/03/17__16:18:00,1156.08,32.0,sell,2017/03/17__16:18:00,null
2017/03/17__16:18:09:907,638671448,2017/03/17__16:18:00,1158.83,230.0,buy,2017/03/17__16:18:00,null
2017/03/17__16:18:10:822,638671475,2017/03/17__16:18:01,1157.46,56.0,buy,2017/03/17__16:18:01,null
2017/03/17__16:18:11:417,638671483,2017/03/17__16:18:02,1156.2,22.0,sell,2017/03/17__16:18:02,null
2017/03/17__16:18:15:057,638671569,2017/03/17__16:18:06,1156.21,24.0,sell,2017/03/17__16:18:06,null
2017/03/17__16:18:15:350,638671578,2017/03/17__16:18:06,1158.2,8.0,buy,2017/03/17__16:18:06,null
2017/03/17__16:18:15:956,638671596,2017/03/17__16:18:07,1156.1,110.0,sell,2017/03/17__16:18:07,null
2017/03/17__16:18:16:858,638671602,2017/03/17__16:18:07,1157.0,22.0,buy,2017/03/17__16:18:07,null
2017/03/17__16:18:18:058,638671634,2017/03/17__16:18:08,1156.2,100.0,sell,2017/03/17__16:18:08,null
2017/03/17__16:18:18:368,638671653,2017/03/17__16:18:09,1156.2,24.0,sell,2017/03/17__16:18:09,null
2017/03/17__16:18:18:974,638671676,2017/03/17__16:18:10,1158.18,30.0,buy,2017/03/17__16:18:10,null
2017/03/17__16:18:20:787,638671711,2017/03/17__16:18:11,1158.69,28.0,buy,2017/03/17__16:18:11,null
2017/03/17__16:18:21:080,638671719,2017/03/17__16:18:12,1156.2,12.0,sell,2017/03/17__16:18:12,null
2017/03/17__16:18:22:011,638671751,2017/03/17__16:18:12,1158.83,2328.0,buy,2017/03/17__16:18:12,null
2017/03/17__16:18:23:807,638671801,2017/03/17__16:18:14,1156.2,250.0,sell,2017/03/17__16:18:14,null
2017/03/17__16:18:24:144,638671809,2017/03/17__16:18:15,1156.25,22.0,sell,2017/03/17__16:18:15,null
2017/03/17__16:18:24:429,638671819,2017/03/17__16:18:15,1158.83,500.0,buy,2017/03/17__16:18:15,null
2017/03/17__16:18:24:726,638671833,2017/03/17__16:18:15,1156.26,30.0,sell,2017/03/17__16:18:15,null
2017/03/17__16:18:25:038,638671845,2017/03/17__16:18:16,1158.83,230.0,buy,2017/03/17__16:18:16,null
2017/03/17__16:18:25:330,638671853,2017/03/17__16:18:16,1156.37,70.0,sell,2017/03/17__16:18:16,null
2017/03/17__16:18:25:638,638671877,2017/03/17__16:18:16,1156.26,122.0,sell,2017/03/17__16:18:16,null
2017/03/17__16:18:25:939,638671887,2017/03/17__16:18:17,1156.26,182.0,sell,2017/03/17__16:18:17,null
2017/03/17__16:18:26:252,638671908,2017/03/17__16:18:17,1156.25,214.0,sell,2017/03/17__16:18:17,null
2017/03/17__16:18:28:052,638671958,2017/03/17__16:18:19,1157.4,2.0,sell,2017/03/17__16:18:19,null
2017/03/17__16:18:30:766,638672024,2017/03/17__16:18:21,1157.41,14.0,buy,2017/03/17__16:18:21,null
2017/03/17__16:18:31:069,638672030,2017/03/17__16:18:22,1157.4,22.0,sell,2017/03/17__16:18:22,null
2017/03/17__16:18:31:673,638672049,2017/03/17__16:18:22,1158.83,230.0,buy,2017/03/17__16:18:22,null
2017/03/17__16:18:33:201,638672089,2017/03/17__16:18:24,1158.83,1202.0,buy,2017/03/17__16:18:24,null
2017/03/17__16:18:34:396,638672120,2017/03/17__16:18:25,1157.39,36.0,sell,2017/03/17__16:18:25,null
2017/03/17__16:18:34:692,638672126,2017/03/17__16:18:25,1157.39,30.0,sell,2017/03/17__16:18:25,null
2017/03/17__16:18:35:003,638672137,2017/03/17__16:18:26,1158.8,120.0,buy,2017/03/17__16:18:26,null
2017/03/17__16:18:35:621,638672164,2017/03/17__16:18:26,1157.0,152.0,sell,2017/03/17__16:18:26,null
2017/03/17__16:18:36:234,638672174,2017/03/17__16:18:27,1157.0,22.0,sell,2017/03/17__16:18:27,null
2017/03/17__16:18:39:225,638672234,2017/03/17__16:18:30,1157.38,46.0,buy,2017/03/17__16:18:30,null
2017/03/17__16:18:39:839,638672249,2017/03/17__16:18:30,1157.53,4.0,buy,2017/03/17__16:18:30,null
2017/03/17__16:18:40:144,638672263,2017/03/17__16:18:31,1157.39,240.0,sell,2017/03/17__16:18:31,null
2017/03/17__16:18:41:651,638672297,2017/03/17__16:18:32,1156.66,82.0,sell,2017/03/17__16:18:32,null
2017/03/17__16:18:43:754,638672338,2017/03/17__16:18:34,1157.38,4.0,buy,2017/03/17__16:18:34,null
2017/03/17__16:18:44:058,638672343,2017/03/17__16:18:35,1156.66,40.0,sell,2017/03/17__16:18:35,null
2017/03/17__16:18:45:261,638672363,2017/03/17__16:18:36,1156.66,46.0,sell,2017/03/17__16:18:36,null
2017/03/17__16:18:47:379,638672411,2017/03/17__16:18:38,1156.66,48.0,sell,2017/03/17__16:18:38,null
2017/03/17__16:18:47:981,638672430,2017/03/17__16:18:39,1156.25,200.0,sell,2017/03/17__16:18:39,null
2017/03/17__16:18:48:580,638672439,2017/03/17__16:18:39,1156.1,260.0,sell,2017/03/17__16:18:39,null
2017/03/17__16:18:50:095,638672468,2017/03/17__16:18:40,1156.1,46.0,sell,2017/03/17__16:18:40,null
2017/03/17__16:18:50:408,638672481,2017/03/17__16:18:41,1156.1,30.0,sell,2017/03/17__16:18:41,null
2017/03/17__16:18:51:001,638672496,2017/03/17__16:18:41,1156.65,32.0,buy,2017/03/17__16:18:41,null
2017/03/17__16:18:51:309,638672510,2017/03/17__16:18:42,1156.1,50.0,sell,2017/03/17__16:18:42,null
2017/03/17__16:18:51:905,638672517,2017/03/17__16:18:42,1156.08,192.0,sell,2017/03/17__16:18:42,null
2017/03/17__16:18:52:528,638672542,2017/03/17__16:18:43,1157.38,230.0,buy,2017/03/17__16:18:43,null
2017/03/17__16:18:53:724,638672584,2017/03/17__16:18:44,1155.21,186.0,sell,2017/03/17__16:18:44,null
2017/03/17__16:18:54:921,638672610,2017/03/17__16:18:45,1155.21,68.0,sell,2017/03/17__16:18:45,null
2017/03/17__16:18:55:529,638672637,2017/03/17__16:18:46,1155.0,64.0,buy,2017/03/17__16:18:46,null
2017/03/17__16:18:55:836,638672652,2017/03/17__16:18:47,1157.36,172.0,buy,2017/03/17__16:18:47,null
2017/03/17__16:18:59:452,638672740,2017/03/17__16:18:50,1154.84,100.0,buy,2017/03/17__16:18:50,null
2017/03/17__16:19:00:060,638672755,2017/03/17__16:18:51,1154.84,100.0,buy,2017/03/17__16:18:51,null
2017/03/17__16:19:00:361,638672775,2017/03/17__16:18:51,1154.84,2.0,buy,2017/03/17__16:18:51,null
2017/03/17__16:19:00:673,638672780,2017/03/17__16:18:51,1154.51,2.0,sell,2017/03/17__16:18:51,null
2017/03/17__16:19:02:181,638672813,2017/03/17__16:18:53,1154.68,34.0,sell,2017/03/17__16:18:53,null
2017/03/17__16:19:04:603,638672868,2017/03/17__16:18:55,1154.1,114.0,sell,2017/03/17__16:18:55,null
2017/03/17__16:19:05:798,638672903,2017/03/17__16:18:57,1154.4,2.0,buy,2017/03/17__16:18:57,null
2017/03/17__16:19:07:310,638672953,2017/03/17__16:18:58,1154.1,156.0,sell,2017/03/17__16:18:58,null
2017/03/17__16:19:08:208,638672963,2017/03/17__16:18:59,1154.05,10.0,buy,2017/03/17__16:18:59,null
2017/03/17__16:19:08:815,638672984,2017/03/17__16:18:59,1154.05,104.0,buy,2017/03/17__16:18:59,null
2017/03/17__16:19:09:139,638672989,2017/03/17__16:18:59,1154.05,72.0,buy,2017/03/17__16:18:59,null
2017/03/17__16:19:09:139,638673007,2017/03/17__16:19:00,1153.21,112.0,sell,2017/03/17__16:19:00,null
2017/03/17__16:19:10:327,638673043,2017/03/17__16:19:01,1154.91,2.0,buy,2017/03/17__16:19:01,null
2017/03/17__16:19:11:240,638673060,2017/03/17__16:19:02,1154.49,6.0,sell,2017/03/17__16:19:02,null
2017/03/17__16:19:11:844,638673074,2017/03/17__16:19:02,1154.91,2.0,buy,2017/03/17__16:19:02,null
2017/03/17__16:19:12:137,638673080,2017/03/17__16:19:03,1154.15,228.0,sell,2017/03/17__16:19:03,null
2017/03/17__16:19:14:550,638673130,2017/03/17__16:19:05,1154.15,8.0,sell,2017/03/17__16:19:05,null
2017/03/17__16:19:15:765,638673159,2017/03/17__16:19:06,1155.6,102.0,buy,2017/03/17__16:19:06,null
2017/03/17__16:19:16:059,638673176,2017/03/17__16:19:07,1155.65,12.0,sell,2017/03/17__16:19:07,null
2017/03/17__16:19:16:985,638673194,2017/03/17__16:19:08,1154.15,52.0,sell,2017/03/17__16:19:08,null
2017/03/17__16:19:17:307,638673200,2017/03/17__16:19:08,1154.15,28.0,sell,2017/03/17__16:19:08,null
2017/03/17__16:19:17:595,638673207,2017/03/17__16:19:08,1154.48,2.0,buy,2017/03/17__16:19:08,null
2017/03/17__16:19:18:796,638673239,2017/03/17__16:19:09,1154.48,40.0,buy,2017/03/17__16:19:09,null
2017/03/17__16:19:19:105,638673252,2017/03/17__16:19:09,1154.48,8.0,buy,2017/03/17__16:19:09,null
2017/03/17__16:19:19:711,638673269,2017/03/17__16:19:10,1154.2,94.0,sell,2017/03/17__16:19:10,null
2017/03/17__16:19:20:316,638673285,2017/03/17__16:19:11,1155.92,20.0,buy,2017/03/17__16:19:11,null
2017/03/17__16:19:20:915,638673308,2017/03/17__16:19:11,1154.49,20.0,sell,2017/03/17__16:19:11,null
2017/03/17__16:19:22:128,638673329,2017/03/17__16:19:12,1154.2,16.0,sell,2017/03/17__16:19:12,null
2017/03/17__16:19:22:425,638673352,2017/03/17__16:19:13,1154.2,32.0,sell,2017/03/17__16:19:13,null
2017/03/17__16:19:23:333,638673360,2017/03/17__16:19:14,1154.49,78.0,buy,2017/03/17__16:19:14,null
2017/03/17__16:19:23:631,638673371,2017/03/17__16:19:14,1154.15,166.0,sell,2017/03/17__16:19:14,null
2017/03/17__16:19:24:543,638673398,2017/03/17__16:19:15,1154.15,2.0,sell,2017/03/17__16:19:15,null
2017/03/17__16:19:25:458,638673434,2017/03/17__16:19:16,1154.47,166.0,sell,2017/03/17__16:19:16,null
2017/03/17__16:19:26:057,638673442,2017/03/17__16:19:17,1154.2,6.0,buy,2017/03/17__16:19:17,null
2017/03/17__16:19:27:281,638673484,2017/03/17__16:19:18,1153.33,378.0,sell,2017/03/17__16:19:18,null
2017/03/17__16:19:27:866,638673502,2017/03/17__16:19:19,1154.48,6.0,buy,2017/03/17__16:19:19,null
2017/03/17__16:19:28:463,638673522,2017/03/17__16:19:19,1155.2,70.0,buy,2017/03/17__16:19:19,null
2017/03/17__16:19:29:069,638673537,2017/03/17__16:19:20,1154.49,4.0,sell,2017/03/17__16:19:20,null
2017/03/17__16:19:30:906,638673578,2017/03/17__16:19:21,1156.4,54.0,buy,2017/03/17__16:19:21,null
2017/03/17__16:19:31:208,638673588,2017/03/17__16:19:22,1154.47,18.0,sell,2017/03/17__16:19:22,null
2017/03/17__16:19:31:812,638673609,2017/03/17__16:19:22,1154.49,6.0,buy,2017/03/17__16:19:22,null
2017/03/17__16:19:32:112,638673613,2017/03/17__16:19:23,1154.5,2.0,sell,2017/03/17__16:19:23,null
2017/03/17__16:19:33:631,638673645,2017/03/17__16:19:24,1156.38,2.0,buy,2017/03/17__16:19:24,null
2017/03/17__16:19:33:943,638673659,2017/03/17__16:19:24,1156.38,2.0,buy,2017/03/17__16:19:24,null
2017/03/17__16:19:34:874,638673683,2017/03/17__16:19:25,1153.33,44.0,sell,2017/03/17__16:19:25,null
2017/03/17__16:19:35:463,638673700,2017/03/17__16:19:26,1154.87,28.0,sell,2017/03/17__16:19:26,null
2017/03/17__16:19:36:069,638673713,2017/03/17__16:19:27,1156.21,2.0,buy,2017/03/17__16:19:27,null
2017/03/17__16:19:38:182,638673765,2017/03/17__16:19:29,1156.21,102.0,buy,2017/03/17__16:19:29,null
2017/03/17__16:19:39:689,638673794,2017/03/17__16:19:30,1156.22,112.0,buy,2017/03/17__16:19:30,null
2017/03/17__16:19:40:593,638673814,2017/03/17__16:19:31,1154.03,4.0,buy,2017/03/17__16:19:31,null
2017/03/17__16:19:40:899,638673826,2017/03/17__16:19:31,1154.04,4.0,sell,2017/03/17__16:19:31,null
2017/03/17__16:19:41:196,638673834,2017/03/17__16:19:32,1154.05,4.0,sell,2017/03/17__16:19:32,null
2017/03/17__16:19:42:418,638673861,2017/03/17__16:19:33,1154.0,118.0,sell,2017/03/17__16:19:33,null
2017/03/17__16:19:45:137,638673916,2017/03/17__16:19:36,1156.19,2.0,buy,2017/03/17__16:19:36,null
2017/03/17__16:19:45:437,638673923,2017/03/17__16:19:36,1154.1,22.0,sell,2017/03/17__16:19:36,null
2017/03/17__16:19:47:267,638673957,2017/03/17__16:19:38,1154.49,12.0,sell,2017/03/17__16:19:38,null
2017/03/17__16:19:47:872,638673986,2017/03/17__16:19:38,1154.49,120.0,sell,2017/03/17__16:19:38,null
2017/03/17__16:19:48:468,638674002,2017/03/17__16:19:39,1154.05,400.0,sell,2017/03/17__16:19:39,null
2017/03/17__16:19:49:075,638674010,2017/03/17__16:19:39,1154.05,46.0,sell,2017/03/17__16:19:39,null
2017/03/17__16:19:49:075,638674015,2017/03/17__16:19:40,1154.48,124.0,buy,2017/03/17__16:19:40,null
2017/03/17__16:19:49:378,638674021,2017/03/17__16:19:40,1154.48,140.0,buy,2017/03/17__16:19:40,null
2017/03/17__16:19:51:491,638674061,2017/03/17__16:19:42,1154.48,2.0,buy,2017/03/17__16:19:42,null
2017/03/17__16:19:52:093,638674076,2017/03/17__16:19:43,1154.0,342.0,sell,2017/03/17__16:19:43,null
2017/03/17__16:19:52:410,638674080,2017/03/17__16:19:43,1153.99,46.0,buy,2017/03/17__16:19:43,null
2017/03/17__16:19:52:705,638674087,2017/03/17__16:19:43,1153.99,380.0,buy,2017/03/17__16:19:43,null
2017/03/17__16:19:54:515,638674125,2017/03/17__16:19:45,1153.91,220.0,sell,2017/03/17__16:19:45,null
2017/03/17__16:19:55:143,638674140,2017/03/17__16:19:46,1153.99,2.0,buy,2017/03/17__16:19:46,null
2017/03/17__16:19:55:741,638674145,2017/03/17__16:19:46,1153.99,230.0,buy,2017/03/17__16:19:46,null
2017/03/17__16:19:56:326,638674158,2017/03/17__16:19:47,1153.8,2.0,sell,2017/03/17__16:19:47,null
2017/03/17__16:19:56:947,638674171,2017/03/17__16:19:47,1153.45,162.0,sell,2017/03/17__16:19:47,null
2017/03/17__16:19:57:535,638674185,2017/03/17__16:19:48,1153.91,2.0,buy,2017/03/17__16:19:48,null
2017/03/17__16:19:58:146,638674200,2017/03/17__16:19:49,1154.48,46.0,buy,2017/03/17__16:19:49,null
2017/03/17__16:19:59:364,638674224,2017/03/17__16:19:50,1153.45,10.0,sell,2017/03/17__16:19:50,null
2017/03/17__16:20:00:875,638674251,2017/03/17__16:19:51,1153.81,2.0,sell,2017/03/17__16:19:51,null
2017/03/17__16:20:02:676,638674289,2017/03/17__16:19:53,1153.8,70.0,sell,2017/03/17__16:19:53,null
2017/03/17__16:20:02:981,638674297,2017/03/17__16:19:54,1153.81,58.0,buy,2017/03/17__16:19:54,null
2017/03/17__16:20:03:586,638674308,2017/03/17__16:19:54,1153.81,2.0,buy,2017/03/17__16:19:54,null
2017/03/17__16:20:04:188,638674331,2017/03/17__16:19:55,1153.81,142.0,buy,2017/03/17__16:19:55,null
2017/03/17__16:20:06:901,638674375,2017/03/17__16:19:57,1153.81,14.0,buy,2017/03/17__16:19:57,null
2017/03/17__16:20:08:109,638674398,2017/03/17__16:19:59,1153.81,22.0,buy,2017/03/17__16:19:59,null
2017/03/17__16:20:09:631,638674428,2017/03/17__16:20:00,1153.81,2.0,buy,2017/03/17__16:20:00,null
2017/03/17__16:20:10:233,638674448,2017/03/17__16:20:01,1153.33,268.0,sell,2017/03/17__16:20:01,null
2017/03/17__16:20:10:858,638674471,2017/03/17__16:20:01,1151.9,800.0,sell,2017/03/17__16:20:01,null
2017/03/17__16:20:11:156,638674477,2017/03/17__16:20:02,1153.81,230.0,buy,2017/03/17__16:20:02,null
2017/03/17__16:20:11:740,638674498,2017/03/17__16:20:02,1153.81,214.0,buy,2017/03/17__16:20:02,null
2017/03/17__16:20:12:353,638674516,2017/03/17__16:20:03,1153.81,88.0,buy,2017/03/17__16:20:03,null
2017/03/17__16:20:12:647,638674522,2017/03/17__16:20:03,1154.1,2.0,sell,2017/03/17__16:20:03,null
2017/03/17__16:20:15:059,638674579,2017/03/17__16:20:06,1154.48,1154.0,buy,2017/03/17__16:20:06,null
2017/03/17__16:20:15:365,638674593,2017/03/17__16:20:06,1154.1,852.0,sell,2017/03/17__16:20:06,null
2017/03/17__16:20:15:969,638674595,2017/03/17__16:20:06,1154.48,2.0,buy,2017/03/17__16:20:06,null
2017/03/17__16:20:16:269,638674606,2017/03/17__16:20:06,1154.11,26.0,sell,2017/03/17__16:20:06,null
2017/03/17__16:20:16:578,638674613,2017/03/17__16:20:07,1154.48,266.0,buy,2017/03/17__16:20:07,null
2017/03/17__16:20:16:871,638674626,2017/03/17__16:20:07,1154.48,20.0,buy,2017/03/17__16:20:07,null
2017/03/17__16:20:17:197,638674639,2017/03/17__16:20:08,1154.05,122.0,buy,2017/03/17__16:20:08,null
2017/03/17__16:20:17:779,638674656,2017/03/17__16:20:08,1154.05,44.0,buy,2017/03/17__16:20:08,null
2017/03/17__16:20:18:082,638674664,2017/03/17__16:20:09,1154.05,400.0,buy,2017/03/17__16:20:09,null
2017/03/17__16:20:19:889,638674709,2017/03/17__16:20:10,1153.04,56.0,buy,2017/03/17__16:20:10,null
2017/03/17__16:20:21:414,638674766,2017/03/17__16:20:12,1153.04,2634.0,sell,2017/03/17__16:20:12,null
2017/03/17__16:20:21:704,638674778,2017/03/17__16:20:12,1155.78,24.0,buy,2017/03/17__16:20:12,null
2017/03/17__16:20:23:526,638674819,2017/03/17__16:20:14,1154.49,158.0,sell,2017/03/17__16:20:14,null
2017/03/17__16:20:23:827,638674821,2017/03/17__16:20:14,1154.49,40.0,sell,2017/03/17__16:20:14,null
2017/03/17__16:20:24:140,638674841,2017/03/17__16:20:15,1155.77,6.0,buy,2017/03/17__16:20:15,null
2017/03/17__16:20:24:428,638674851,2017/03/17__16:20:15,1154.49,32.0,sell,2017/03/17__16:20:15,null
2017/03/17__16:20:25:028,638674878,2017/03/17__16:20:16,1155.0,36.0,sell,2017/03/17__16:20:16,null
2017/03/17__16:20:25:327,638674887,2017/03/17__16:20:16,1155.0,20.0,sell,2017/03/17__16:20:16,null
2017/03/17__16:20:25:648,638674908,2017/03/17__16:20:16,1155.0,162.0,sell,2017/03/17__16:20:16,null
2017/03/17__16:20:26:251,638674921,2017/03/17__16:20:17,1155.0,26.0,sell,2017/03/17__16:20:17,null
2017/03/17__16:20:27:142,638674931,2017/03/17__16:20:17,1155.0,20.0,sell,2017/03/17__16:20:17,null
2017/03/17__16:20:27:142,638674940,2017/03/17__16:20:18,1155.5,6.0,buy,2017/03/17__16:20:18,null
2017/03/17__16:20:27:456,638674947,2017/03/17__16:20:18,1155.5,200.0,buy,2017/03/17__16:20:18,null
2017/03/17__16:20:27:753,638674971,2017/03/17__16:20:18,1155.5,42.0,buy,2017/03/17__16:20:18,null
2017/03/17__16:20:28:351,638674983,2017/03/17__16:20:19,1155.5,538.0,sell,2017/03/17__16:20:19,null
2017/03/17__16:20:28:954,638675000,2017/03/17__16:20:19,1155.5,26.0,sell,2017/03/17__16:20:19,null
2017/03/17__16:20:29:560,638675007,2017/03/17__16:20:20,1155.5,50.0,sell,2017/03/17__16:20:20,null
2017/03/17__16:20:29:865,638675028,2017/03/17__16:20:20,1155.64,22.0,sell,2017/03/17__16:20:20,null
2017/03/17__16:20:30:201,638675038,2017/03/17__16:20:21,1155.5,20.0,sell,2017/03/17__16:20:21,null
2017/03/17__16:20:30:494,638675045,2017/03/17__16:20:21,1155.77,6.0,buy,2017/03/17__16:20:21,null
2017/03/17__16:20:31:409,638675075,2017/03/17__16:20:22,1155.5,108.0,sell,2017/03/17__16:20:22,null
2017/03/17__16:20:31:987,638675084,2017/03/17__16:20:23,1155.0,6.0,sell,2017/03/17__16:20:23,null
2017/03/17__16:20:33:200,638675118,2017/03/17__16:20:24,1155.78,48.0,buy,2017/03/17__16:20:24,null
2017/03/17__16:20:33:804,638675135,2017/03/17__16:20:24,1155.0,24.0,sell,2017/03/17__16:20:24,null
2017/03/17__16:20:35:917,638675183,2017/03/17__16:20:27,1155.5,230.0,buy,2017/03/17__16:20:27,null
2017/03/17__16:20:36:234,638675197,2017/03/17__16:20:27,1155.01,1160.0,sell,2017/03/17__16:20:27,null
2017/03/17__16:20:36:822,638675211,2017/03/17__16:20:27,1155.0,2.0,sell,2017/03/17__16:20:27,null
2017/03/17__16:20:37:728,638675230,2017/03/17__16:20:28,1155.0,852.0,sell,2017/03/17__16:20:28,null
2017/03/17__16:20:38:948,638675262,2017/03/17__16:20:29,1154.47,20.0,buy,2017/03/17__16:20:29,null
2017/03/17__16:20:40:448,638675296,2017/03/17__16:20:31,1154.48,186.0,buy,2017/03/17__16:20:31,null
2017/03/17__16:20:40:754,638675302,2017/03/17__16:20:31,1154.07,52.0,sell,2017/03/17__16:20:31,null
2017/03/17__16:20:41:055,638675314,2017/03/17__16:20:31,1154.48,566.0,buy,2017/03/17__16:20:31,null
2017/03/17__16:20:41:666,638675329,2017/03/17__16:20:32,1154.48,50.0,buy,2017/03/17__16:20:32,null
2017/03/17__16:20:43:167,638675373,2017/03/17__16:20:34,1154.99,660.0,buy,2017/03/17__16:20:34,null
2017/03/17__16:20:43:769,638675382,2017/03/17__16:20:34,1155.0,40.0,sell,2017/03/17__16:20:34,null
2017/03/17__16:20:44:090,638675393,2017/03/17__16:20:35,1155.21,152.0,buy,2017/03/17__16:20:35,null
2017/03/17__16:20:44:387,638675399,2017/03/17__16:20:35,1155.0,26.0,sell,2017/03/17__16:20:35,null
2017/03/17__16:20:45:602,638675442,2017/03/17__16:20:36,1155.21,2318.0,buy,2017/03/17__16:20:36,null
2017/03/17__16:20:46:804,638675473,2017/03/17__16:20:37,1155.21,4.0,buy,2017/03/17__16:20:37,null
2017/03/17__16:20:47:103,638675488,2017/03/17__16:20:38,1154.07,106.0,sell,2017/03/17__16:20:38,null
2017/03/17__16:20:47:418,638675519,2017/03/17__16:20:38,1155.21,28.0,buy,2017/03/17__16:20:38,null
2017/03/17__16:20:48:002,638675535,2017/03/17__16:20:38,1155.21,236.0,buy,2017/03/17__16:20:38,null
2017/03/17__16:20:49:817,638675578,2017/03/17__16:20:40,1155.21,68.0,buy,2017/03/17__16:20:40,null
2017/03/17__16:20:50:412,638675594,2017/03/17__16:20:41,1155.21,22.0,buy,2017/03/17__16:20:41,null
2017/03/17__16:20:52:229,638675638,2017/03/17__16:20:43,1154.48,464.0,buy,2017/03/17__16:20:43,null
2017/03/17__16:20:53:744,638675682,2017/03/17__16:20:44,1154.47,50.0,buy,2017/03/17__16:20:44,null
2017/03/17__16:20:54:655,638675716,2017/03/17__16:20:45,1154.48,206.0,buy,2017/03/17__16:20:45,null
2017/03/17__16:20:54:954,638675722,2017/03/17__16:20:45,1154.46,6.0,buy,2017/03/17__16:20:45,null
2017/03/17__16:20:56:155,638675754,2017/03/17__16:20:47,1154.04,114.0,buy,2017/03/17__16:20:47,null
2017/03/17__16:20:57:058,638675771,2017/03/17__16:20:48,1154.04,6.0,buy,2017/03/17__16:20:48,null
2017/03/17__16:21:00:127,638675897,2017/03/17__16:20:51,1152.08,1140.0,sell,2017/03/17__16:20:51,null
2017/03/17__16:21:00:393,638675908,2017/03/17__16:20:51,1153.99,90.0,buy,2017/03/17__16:20:51,null
2017/03/17__16:21:00:689,638675920,2017/03/17__16:20:51,1153.99,96.0,buy,2017/03/17__16:20:51,null
2017/03/17__16:21:03:708,638675990,2017/03/17__16:20:54,1153.76,6.0,buy,2017/03/17__16:20:54,null
2017/03/17__16:21:05:826,638676044,2017/03/17__16:20:56,1153.46,18.0,buy,2017/03/17__16:20:56,null
2017/03/17__16:21:06:422,638676066,2017/03/17__16:20:57,1153.47,200.0,buy,2017/03/17__16:20:57,null
2017/03/17__16:21:08:237,638676108,2017/03/17__16:20:59,1153.47,230.0,buy,2017/03/17__16:20:59,null
2017/03/17__16:21:10:048,638676149,2017/03/17__16:21:01,1153.36,16.0,sell,2017/03/17__16:21:01,null
2017/03/17__16:21:10:353,638676162,2017/03/17__16:21:01,1153.25,10.0,sell,2017/03/17__16:21:01,null
2017/03/17__16:21:10:952,638676175,2017/03/17__16:21:02,1153.06,20.0,sell,2017/03/17__16:21:02,null
2017/03/17__16:21:13:070,638676217,2017/03/17__16:21:03,1153.03,2.0,buy,2017/03/17__16:21:03,null
2017/03/17__16:21:13:672,638676243,2017/03/17__16:21:04,1153.03,10.0,buy,2017/03/17__16:21:04,null
2017/03/17__16:21:14:585,638676260,2017/03/17__16:21:05,1152.29,2.0,sell,2017/03/17__16:21:05,null
2017/03/17__16:21:14:886,638676262,2017/03/17__16:21:05,1153.03,2.0,buy,2017/03/17__16:21:05,null
2017/03/17__16:21:15:504,638676273,2017/03/17__16:21:06,1152.29,18.0,sell,2017/03/17__16:21:06,null
2017/03/17__16:21:16:102,638676298,2017/03/17__16:21:07,1153.04,192.0,buy,2017/03/17__16:21:07,null
2017/03/17__16:21:16:692,638676311,2017/03/17__16:21:07,1153.04,8.0,buy,2017/03/17__16:21:07,null
2017/03/17__16:21:16:995,638676329,2017/03/17__16:21:07,1152.94,16.0,sell,2017/03/17__16:21:07,null
2017/03/17__16:21:18:214,638676371,2017/03/17__16:21:09,1152.12,60.0,sell,2017/03/17__16:21:09,null
2017/03/17__16:21:19:723,638676403,2017/03/17__16:21:10,1151.59,48.0,sell,2017/03/17__16:21:10,null
2017/03/17__16:21:20:314,638676417,2017/03/17__16:21:11,1152.02,8.0,buy,2017/03/17__16:21:11,null
2017/03/17__16:21:21:232,638676442,2017/03/17__16:21:12,1152.01,20.0,buy,2017/03/17__16:21:12,null
2017/03/17__16:21:21:531,638676461,2017/03/17__16:21:12,1151.6,42.0,sell,2017/03/17__16:21:12,null
2017/03/17__16:21:21:823,638676470,2017/03/17__16:21:12,1152.0,38.0,buy,2017/03/17__16:21:12,null
2017/03/17__16:21:22:129,638676475,2017/03/17__16:21:12,1152.0,20.0,buy,2017/03/17__16:21:12,null
2017/03/17__16:21:22:129,638676481,2017/03/17__16:21:13,1152.02,14.0,buy,2017/03/17__16:21:13,null
2017/03/17__16:21:22:436,638676485,2017/03/17__16:21:13,1152.02,2.0,buy,2017/03/17__16:21:13,null
2017/03/17__16:21:23:033,638676509,2017/03/17__16:21:13,1152.02,46.0,buy,2017/03/17__16:21:13,null
2017/03/17__16:21:23:943,638676528,2017/03/17__16:21:14,1152.02,6.0,buy,2017/03/17__16:21:14,null
2017/03/17__16:21:24:266,638676539,2017/03/17__16:21:15,1152.02,4.0,buy,2017/03/17__16:21:15,null
2017/03/17__16:21:25:173,638676567,2017/03/17__16:21:16,1152.02,20.0,buy,2017/03/17__16:21:16,null
2017/03/17__16:21:26:077,638676598,2017/03/17__16:21:17,1152.0,24.0,sell,2017/03/17__16:21:17,null
2017/03/17__16:21:26:378,638676605,2017/03/17__16:21:17,1152.02,12.0,buy,2017/03/17__16:21:17,null
2017/03/17__16:21:27:895,638676648,2017/03/17__16:21:18,1152.31,144.0,buy,2017/03/17__16:21:18,null
2017/03/17__16:21:29:126,638676686,2017/03/17__16:21:20,1151.59,226.0,sell,2017/03/17__16:21:20,null
2017/03/17__16:21:31:516,638676731,2017/03/17__16:21:22,1151.59,66.0,buy,2017/03/17__16:21:22,null
2017/03/17__16:21:31:813,638676749,2017/03/17__16:21:22,1151.59,10.0,buy,2017/03/17__16:21:22,null
2017/03/17__16:21:33:019,638676781,2017/03/17__16:21:24,1150.79,2.0,buy,2017/03/17__16:21:24,null
2017/03/17__16:21:33:323,638676788,2017/03/17__16:21:24,1150.81,2.0,buy,2017/03/17__16:21:24,null
2017/03/17__16:21:33:627,638676802,2017/03/17__16:21:24,1151.05,38.0,sell,2017/03/17__16:21:24,null
2017/03/17__16:21:34:243,638676809,2017/03/17__16:21:25,1151.05,20.0,buy,2017/03/17__16:21:25,null
2017/03/17__16:21:34:556,638676828,2017/03/17__16:21:25,1151.05,60.0,buy,2017/03/17__16:21:25,null
2017/03/17__16:21:34:855,638676834,2017/03/17__16:21:25,1151.05,362.0,buy,2017/03/17__16:21:25,null
2017/03/17__16:21:35:459,638676859,2017/03/17__16:21:26,1151.05,374.0,buy,2017/03/17__16:21:26,null
2017/03/17__16:21:36:068,638676880,2017/03/17__16:21:27,1151.05,376.0,buy,2017/03/17__16:21:27,null
2017/03/17__16:21:36:371,638676889,2017/03/17__16:21:27,1151.05,246.0,buy,2017/03/17__16:21:27,null
2017/03/17__16:21:36:678,638676911,2017/03/17__16:21:27,1150.0,8646.0,sell,2017/03/17__16:21:27,null
2017/03/17__16:21:36:959,638676923,2017/03/17__16:21:27,1150.14,46.0,buy,2017/03/17__16:21:27,null
2017/03/17__16:21:37:262,638676930,2017/03/17__16:21:28,1151.05,40.0,buy,2017/03/17__16:21:28,null
2017/03/17__16:21:37:562,638676942,2017/03/17__16:21:28,1151.05,64.0,buy,2017/03/17__16:21:28,null
2017/03/17__16:21:37:875,638676953,2017/03/17__16:21:28,1151.04,20.0,buy,2017/03/17__16:21:28,null
2017/03/17__16:21:38:498,638676985,2017/03/17__16:21:29,1150.0,278.0,buy,2017/03/17__16:21:29,null
2017/03/17__16:21:38:776,638676995,2017/03/17__16:21:30,1150.0,18.0,buy,2017/03/17__16:21:30,null
2017/03/17__16:21:39:086,638677000,2017/03/17__16:21:30,1149.99,20.0,buy,2017/03/17__16:21:30,null
2017/03/17__16:21:39:384,638677004,2017/03/17__16:21:30,1149.99,40.0,buy,2017/03/17__16:21:30,null
2017/03/17__16:21:39:681,638677025,2017/03/17__16:21:30,1149.2,346.0,sell,2017/03/17__16:21:30,null
2017/03/17__16:21:40:287,638677031,2017/03/17__16:21:31,1149.99,20.0,buy,2017/03/17__16:21:31,null
2017/03/17__16:21:40:589,638677046,2017/03/17__16:21:31,1149.92,22.0,buy,2017/03/17__16:21:31,null
2017/03/17__16:21:40:891,638677052,2017/03/17__16:21:31,1149.92,30.0,buy,2017/03/17__16:21:31,null
2017/03/17__16:21:41:195,638677069,2017/03/17__16:21:32,1149.92,84.0,buy,2017/03/17__16:21:32,null
2017/03/17__16:21:41:490,638677073,2017/03/17__16:21:32,1149.91,20.0,buy,2017/03/17__16:21:32,null
2017/03/17__16:21:41:812,638677092,2017/03/17__16:21:32,1149.99,350.0,buy,2017/03/17__16:21:32,null
2017/03/17__16:21:42:099,638677102,2017/03/17__16:21:32,1149.99,22.0,buy,2017/03/17__16:21:32,null
2017/03/17__16:21:43:012,638677133,2017/03/17__16:21:33,1148.69,500.0,sell,2017/03/17__16:21:33,null
2017/03/17__16:21:43:606,638677152,2017/03/17__16:21:34,1148.69,34.0,buy,2017/03/17__16:21:34,null
2017/03/17__16:21:44:214,638677168,2017/03/17__16:21:35,1148.55,20.0,buy,2017/03/17__16:21:35,null
2017/03/17__16:21:44:525,638677182,2017/03/17__16:21:35,1146.42,180.0,sell,2017/03/17__16:21:35,null
2017/03/17__16:21:45:131,638677214,2017/03/17__16:21:36,1148.54,66.0,buy,2017/03/17__16:21:36,null
2017/03/17__16:21:45:479,638677251,2017/03/17__16:21:36,1145.0,908.0,sell,2017/03/17__16:21:36,null
2017/03/17__16:21:45:731,638677272,2017/03/17__16:21:36,1145.0,56.0,sell,2017/03/17__16:21:36,null
2017/03/17__16:21:46:324,638677288,2017/03/17__16:21:37,1148.52,20.0,buy,2017/03/17__16:21:37,null
2017/03/17__16:21:46:633,638677306,2017/03/17__16:21:37,1145.01,24.0,sell,2017/03/17__16:21:37,null
2017/03/17__16:21:46:942,638677311,2017/03/17__16:21:37,1145.01,20.0,sell,2017/03/17__16:21:37,null
2017/03/17__16:21:46:942,638677320,2017/03/17__16:21:38,1148.52,20.0,buy,2017/03/17__16:21:38,null
2017/03/17__16:21:47:238,638677340,2017/03/17__16:21:38,1148.68,20.0,buy,2017/03/17__16:21:38,null
2017/03/17__16:21:47:833,638677367,2017/03/17__16:21:38,1148.69,20.0,buy,2017/03/17__16:21:38,null
2017/03/17__16:21:48:467,638677399,2017/03/17__16:21:39,1148.69,264.0,buy,2017/03/17__16:21:39,null
2017/03/17__16:21:48:744,638677416,2017/03/17__16:21:39,1145.03,22.0,sell,2017/03/17__16:21:39,null
2017/03/17__16:21:49:360,638677431,2017/03/17__16:21:40,1148.68,22.0,buy,2017/03/17__16:21:40,null
2017/03/17__16:21:49:671,638677442,2017/03/17__16:21:40,1146.42,20.0,buy,2017/03/17__16:21:40,null
2017/03/17__16:21:49:974,638677457,2017/03/17__16:21:40,1146.42,2.0,buy,2017/03/17__16:21:40,null
2017/03/17__16:21:50:297,638677494,2017/03/17__16:21:41,1150.14,948.0,buy,2017/03/17__16:21:41,null
2017/03/17__16:21:50:571,638677508,2017/03/17__16:21:41,1145.01,26.0,sell,2017/03/17__16:21:41,null
2017/03/17__16:21:51:186,638677521,2017/03/17__16:21:42,1148.66,4.0,buy,2017/03/17__16:21:42,null
2017/03/17__16:21:51:805,638677538,2017/03/17__16:21:42,1148.67,24.0,buy,2017/03/17__16:21:42,null
2017/03/17__16:21:52:102,638677560,2017/03/17__16:21:42,1145.07,204.0,sell,2017/03/17__16:21:42,null
2017/03/17__16:21:52:380,638677571,2017/03/17__16:21:43,1148.89,24.0,sell,2017/03/17__16:21:43,null
2017/03/17__16:21:53:300,638677606,2017/03/17__16:21:44,1147.54,24.0,sell,2017/03/17__16:21:44,null
2017/03/17__16:21:53:912,638677625,2017/03/17__16:21:44,1145.07,320.0,sell,2017/03/17__16:21:44,null
2017/03/17__16:21:54:824,638677682,2017/03/17__16:21:45,1146.52,102.0,buy,2017/03/17__16:21:45,null
2017/03/17__16:21:55:421,638677699,2017/03/17__16:21:46,1146.52,8.0,buy,2017/03/17__16:21:46,null
2017/03/17__16:21:56:032,638677720,2017/03/17__16:21:47,1146.52,20.0,buy,2017/03/17__16:21:47,null
2017/03/17__16:21:56:635,638677737,2017/03/17__16:21:47,1146.52,152.0,buy,2017/03/17__16:21:47,null
2017/03/17__16:21:56:921,638677749,2017/03/17__16:21:48,1146.52,8.0,buy,2017/03/17__16:21:48,null
2017/03/17__16:21:59:961,638677833,2017/03/17__16:21:50,1146.61,168.0,sell,2017/03/17__16:21:50,null
2017/03/17__16:22:00:246,638677839,2017/03/17__16:21:50,1146.67,74.0,buy,2017/03/17__16:21:50,null
2017/03/17__16:22:00:246,638677849,2017/03/17__16:21:51,1149.41,4.0,buy,2017/03/17__16:21:51,null
2017/03/17__16:22:00:862,638677881,2017/03/17__16:21:51,1148.79,410.0,sell,2017/03/17__16:21:51,null
2017/03/17__16:22:01:158,638677883,2017/03/17__16:21:51,1148.79,10.0,sell,2017/03/17__16:21:51,null
2017/03/17__16:22:01:454,638677910,2017/03/17__16:21:52,1148.72,22.0,sell,2017/03/17__16:21:52,null
2017/03/17__16:22:01:752,638677913,2017/03/17__16:21:52,1149.38,4.0,buy,2017/03/17__16:21:52,null
2017/03/17__16:22:02:069,638677924,2017/03/17__16:21:53,1149.39,2.0,buy,2017/03/17__16:21:53,null
2017/03/17__16:22:03:270,638677965,2017/03/17__16:21:54,1148.19,2.0,sell,2017/03/17__16:21:54,null
2017/03/17__16:22:03:607,638677988,2017/03/17__16:21:54,1147.47,44.0,sell,2017/03/17__16:21:54,null
2017/03/17__16:22:04:200,638678007,2017/03/17__16:21:55,1150.0,230.0,buy,2017/03/17__16:21:55,null
2017/03/17__16:22:06:298,638678052,2017/03/17__16:21:57,1150.0,138.0,buy,2017/03/17__16:21:57,null
2017/03/17__16:22:08:405,638678122,2017/03/17__16:21:59,1148.21,14.0,sell,2017/03/17__16:21:59,null
2017/03/17__16:22:08:706,638678136,2017/03/17__16:21:59,1148.21,40.0,buy,2017/03/17__16:21:59,null
2017/03/17__16:22:09:007,638678151,2017/03/17__16:22:00,1147.29,24.0,sell,2017/03/17__16:22:00,null
2017/03/17__16:22:09:627,638678165,2017/03/17__16:22:00,1148.21,46.0,buy,2017/03/17__16:22:00,null
2017/03/17__16:22:11:731,638678217,2017/03/17__16:22:02,1149.01,46.0,sell,2017/03/17__16:22:02,null
2017/03/17__16:22:12:034,638678225,2017/03/17__16:22:02,1148.41,18.0,buy,2017/03/17__16:22:02,null
2017/03/17__16:22:13:240,638678255,2017/03/17__16:22:04,1148.41,230.0,buy,2017/03/17__16:22:04,null
2017/03/17__16:22:13:845,638678274,2017/03/17__16:22:04,1148.41,20.0,buy,2017/03/17__16:22:04,null
2017/03/17__16:22:14:153,638678291,2017/03/17__16:22:05,1148.41,20.0,buy,2017/03/17__16:22:05,null
2017/03/17__16:22:14:462,638678296,2017/03/17__16:22:05,1148.41,250.0,buy,2017/03/17__16:22:05,null
2017/03/17__16:22:15:366,638678321,2017/03/17__16:22:06,1148.55,64.0,sell,2017/03/17__16:22:06,null
2017/03/17__16:22:16:274,638678346,2017/03/17__16:22:07,1149.13,20.0,buy,2017/03/17__16:22:07,null
2017/03/17__16:22:17:186,638678383,2017/03/17__16:22:08,1148.55,210.0,sell,2017/03/17__16:22:08,null
2017/03/17__16:22:17:472,638678391,2017/03/17__16:22:08,1148.55,450.0,buy,2017/03/17__16:22:08,null
2017/03/17__16:22:20:192,638678454,2017/03/17__16:22:10,1149.13,460.0,buy,2017/03/17__16:22:10,null
2017/03/17__16:22:21:107,638678474,2017/03/17__16:22:11,1148.7,2.0,sell,2017/03/17__16:22:11,null
2017/03/17__16:22:21:403,638678487,2017/03/17__16:22:12,1148.69,90.0,sell,2017/03/17__16:22:12,null
2017/03/17__16:22:22:605,638678517,2017/03/17__16:22:13,1148.7,124.0,buy,2017/03/17__16:22:13,null
2017/03/17__16:22:23:811,638678553,2017/03/17__16:22:14,1148.4,22.0,sell,2017/03/17__16:22:14,null
2017/03/17__16:22:24:422,638678565,2017/03/17__16:22:15,1148.4,18.0,buy,2017/03/17__16:22:15,null
2017/03/17__16:22:24:730,638678592,2017/03/17__16:22:15,1148.69,286.0,sell,2017/03/17__16:22:15,null
2017/03/17__16:22:25:629,638678615,2017/03/17__16:22:16,1148.69,12.0,sell,2017/03/17__16:22:16,null
2017/03/17__16:22:26:239,638678645,2017/03/17__16:22:17,1148.69,660.0,sell,2017/03/17__16:22:17,null
2017/03/17__16:22:27:147,638678659,2017/03/17__16:22:18,1148.84,230.0,buy,2017/03/17__16:22:18,null
2017/03/17__16:22:27:755,638678680,2017/03/17__16:22:18,1148.84,46.0,buy,2017/03/17__16:22:18,null
2017/03/17__16:22:28:063,638678686,2017/03/17__16:22:19,1148.84,168.0,buy,2017/03/17__16:22:19,null
2017/03/17__16:22:29:279,638678717,2017/03/17__16:22:20,1148.69,1576.0,sell,2017/03/17__16:22:20,null
2017/03/17__16:22:30:460,638678750,2017/03/17__16:22:21,1148.59,114.0,buy,2017/03/17__16:22:21,null
2017/03/17__16:22:32:271,638678791,2017/03/17__16:22:23,1148.23,6.0,buy,2017/03/17__16:22:23,null
2017/03/17__16:22:32:598,638678814,2017/03/17__16:22:23,1148.23,46.0,buy,2017/03/17__16:22:23,null
2017/03/17__16:22:32:872,638678827,2017/03/17__16:22:23,1148.23,50.0,buy,2017/03/17__16:22:23,null
2017/03/17__16:22:33:196,638678833,2017/03/17__16:22:24,1148.59,14.0,buy,2017/03/17__16:22:24,null
2017/03/17__16:22:33:485,638678844,2017/03/17__16:22:24,1148.59,96.0,buy,2017/03/17__16:22:24,null
2017/03/17__16:22:35:588,638678900,2017/03/17__16:22:26,1148.23,10.0,sell,2017/03/17__16:22:26,null
2017/03/17__16:22:35:890,638678907,2017/03/17__16:22:26,1148.23,2.0,sell,2017/03/17__16:22:26,null
2017/03/17__16:22:36:497,638678920,2017/03/17__16:22:27,1148.24,14.0,buy,2017/03/17__16:22:27,null
2017/03/17__16:22:39:209,638678983,2017/03/17__16:22:30,1147.67,18.0,sell,2017/03/17__16:22:30,null
2017/03/17__16:22:39:511,638678990,2017/03/17__16:22:30,1148.24,4.0,buy,2017/03/17__16:22:30,null
2017/03/17__16:22:40:118,638679008,2017/03/17__16:22:31,1148.24,2.0,buy,2017/03/17__16:22:31,null
2017/03/17__16:22:40:420,638679015,2017/03/17__16:22:31,1147.67,2.0,sell,2017/03/17__16:22:31,null
2017/03/17__16:22:41:322,638679032,2017/03/17__16:22:32,1147.67,30.0,buy,2017/03/17__16:22:32,null
2017/03/17__16:22:41:637,638679047,2017/03/17__16:22:32,1148.4,32.0,buy,2017/03/17__16:22:32,null
2017/03/17__16:22:41:922,638679054,2017/03/17__16:22:32,1148.6,230.0,buy,2017/03/17__16:22:32,null
2017/03/17__16:22:42:235,638679068,2017/03/17__16:22:33,1147.66,14.0,sell,2017/03/17__16:22:33,null
2017/03/17__16:22:42:532,638679073,2017/03/17__16:22:33,1147.66,20.0,buy,2017/03/17__16:22:33,null
2017/03/17__16:22:42:835,638679086,2017/03/17__16:22:33,1147.66,6.0,buy,2017/03/17__16:22:33,null
2017/03/17__16:22:43:141,638679097,2017/03/17__16:22:34,1147.66,2.0,buy,2017/03/17__16:22:34,null
2017/03/17__16:22:43:734,638679121,2017/03/17__16:22:34,1148.6,50.0,buy,2017/03/17__16:22:34,null
2017/03/17__16:22:44:641,638679145,2017/03/17__16:22:35,1148.6,40.0,buy,2017/03/17__16:22:35,null
2017/03/17__16:22:45:578,638679175,2017/03/17__16:22:36,1148.46,1140.0,sell,2017/03/17__16:22:36,null
2017/03/17__16:22:48:443,638679233,2017/03/17__16:22:39,1149.13,206.0,buy,2017/03/17__16:22:39,null
2017/03/17__16:22:50:241,638679281,2017/03/17__16:22:41,1149.13,226.0,buy,2017/03/17__16:22:41,null
2017/03/17__16:22:50:849,638679302,2017/03/17__16:22:41,1149.13,6.0,buy,2017/03/17__16:22:41,null
2017/03/17__16:22:51:147,638679311,2017/03/17__16:22:42,1149.13,6.0,buy,2017/03/17__16:22:42,null
2017/03/17__16:22:51:448,638679319,2017/03/17__16:22:42,1148.46,132.0,sell,2017/03/17__16:22:42,null
2017/03/17__16:22:54:480,638679390,2017/03/17__16:22:45,1148.46,20.0,buy,2017/03/17__16:22:45,null
2017/03/17__16:22:56:268,638679429,2017/03/17__16:22:46,1148.69,12.0,sell,2017/03/17__16:22:46,null
2017/03/17__16:22:56:879,638679442,2017/03/17__16:22:47,1149.13,118.0,buy,2017/03/17__16:22:47,null
2017/03/17__16:22:57:471,638679465,2017/03/17__16:22:48,1148.5,34.0,sell,2017/03/17__16:22:48,null
2017/03/17__16:22:58:089,638679480,2017/03/17__16:22:48,1149.13,22.0,buy,2017/03/17__16:22:48,null
2017/03/17__16:22:58:089,638679485,2017/03/17__16:22:49,1149.13,6.0,buy,2017/03/17__16:22:49,null
2017/03/17__16:22:58:986,638679510,2017/03/17__16:22:49,1149.13,6.0,buy,2017/03/17__16:22:49,null
2017/03/17__16:23:03:509,638679617,2017/03/17__16:22:54,1149.13,802.0,buy,2017/03/17__16:22:54,null
2017/03/17__16:23:04:116,638679628,2017/03/17__16:22:54,1149.13,348.0,sell,2017/03/17__16:22:54,null
2017/03/17__16:23:05:626,638679675,2017/03/17__16:22:56,1148.69,22.0,buy,2017/03/17__16:22:56,null
2017/03/17__16:23:08:046,638679728,2017/03/17__16:22:58,1150.14,1072.0,buy,2017/03/17__16:22:58,null
2017/03/17__16:23:10:473,638679789,2017/03/17__16:23:01,1149.0,32.0,buy,2017/03/17__16:23:01,null
2017/03/17__16:23:11:112,638679820,2017/03/17__16:23:02,1151.0,1224.0,buy,2017/03/17__16:23:02,null
2017/03/17__16:23:13:191,638679884,2017/03/17__16:23:03,1151.0,12.0,buy,2017/03/17__16:23:03,null
2017/03/17__16:23:14:386,638679933,2017/03/17__16:23:05,1151.0,58.0,buy,2017/03/17__16:23:05,null
2017/03/17__16:23:19:207,638680043,2017/03/17__16:23:10,1149.06,2.0,sell,2017/03/17__16:23:10,null
2017/03/17__16:23:19:537,638680060,2017/03/17__16:23:10,1150.14,48.0,buy,2017/03/17__16:23:10,null
2017/03/17__16:23:19:839,638680071,2017/03/17__16:23:10,1150.55,20.0,sell,2017/03/17__16:23:10,null
2017/03/17__16:23:20:139,638680083,2017/03/17__16:23:11,1150.72,20.0,buy,2017/03/17__16:23:11,null
2017/03/17__16:23:20:442,638680099,2017/03/17__16:23:11,1150.55,66.0,sell,2017/03/17__16:23:11,null
2017/03/17__16:23:21:044,638680117,2017/03/17__16:23:11,1150.55,20.0,sell,2017/03/17__16:23:11,null
2017/03/17__16:23:21:044,638680119,2017/03/17__16:23:12,1150.55,20.0,sell,2017/03/17__16:23:12,null
2017/03/17__16:23:21:651,638680132,2017/03/17__16:23:12,1150.72,8.0,buy,2017/03/17__16:23:12,null
2017/03/17__16:23:21:970,638680145,2017/03/17__16:23:12,1150.72,4.0,buy,2017/03/17__16:23:12,null
2017/03/17__16:23:22:557,638680161,2017/03/17__16:23:13,1150.72,36.0,buy,2017/03/17__16:23:13,null
2017/03/17__16:23:22:863,638680166,2017/03/17__16:23:13,1150.72,6.0,buy,2017/03/17__16:23:13,null
2017/03/17__16:23:23:161,638680175,2017/03/17__16:23:13,1150.55,44.0,sell,2017/03/17__16:23:13,null
2017/03/17__16:23:23:757,638680191,2017/03/17__16:23:14,1150.55,728.0,sell,2017/03/17__16:23:14,null
2017/03/17__16:23:24:069,638680204,2017/03/17__16:23:14,1150.2,30.0,buy,2017/03/17__16:23:14,null
2017/03/17__16:23:24:368,638680213,2017/03/17__16:23:15,1150.2,14.0,buy,2017/03/17__16:23:15,null
2017/03/17__16:23:26:478,638680261,2017/03/17__16:23:17,1149.99,10.0,buy,2017/03/17__16:23:17,null
2017/03/17__16:23:27:078,638680267,2017/03/17__16:23:17,1149.99,212.0,buy,2017/03/17__16:23:17,null
2017/03/17__16:23:28:290,638680301,2017/03/17__16:23:19,1149.99,6.0,buy,2017/03/17__16:23:19,null
2017/03/17__16:23:28:892,638680326,2017/03/17__16:23:19,1149.99,148.0,buy,2017/03/17__16:23:19,null
2017/03/17__16:23:33:731,638680441,2017/03/17__16:23:24,1150.72,938.0,buy,2017/03/17__16:23:24,null
2017/03/17__16:23:34:919,638680473,2017/03/17__16:23:25,1150.72,6.0,buy,2017/03/17__16:23:25,null
2017/03/17__16:23:43:066,638680634,2017/03/17__16:23:33,1150.0,14.0,sell,2017/03/17__16:23:33,null
2017/03/17__16:23:45:176,638680674,2017/03/17__16:23:36,1149.22,6.0,sell,2017/03/17__16:23:36,null
2017/03/17__16:23:50:313,638680768,2017/03/17__16:23:41,1149.99,140.0,buy,2017/03/17__16:23:41,null
2017/03/17__16:23:54:832,638680852,2017/03/17__16:23:45,1149.99,202.0,buy,2017/03/17__16:23:45,null
2017/03/17__16:23:58:151,638680911,2017/03/17__16:23:49,1149.99,6.0,sell,2017/03/17__16:23:49,null
2017/03/17__16:23:59:660,638680941,2017/03/17__16:23:50,1149.56,2.0,sell,2017/03/17__16:23:50,null
2017/03/17__16:24:00:565,638680960,2017/03/17__16:23:51,1149.71,26.0,sell,2017/03/17__16:23:51,null
2017/03/17__16:24:00:870,638680973,2017/03/17__16:23:51,1149.43,6.0,sell,2017/03/17__16:23:51,null
2017/03/17__16:24:01:179,638680982,2017/03/17__16:23:51,1149.99,174.0,buy,2017/03/17__16:23:51,null
2017/03/17__16:24:01:776,638681004,2017/03/17__16:23:52,1149.42,24.0,sell,2017/03/17__16:23:52,null
2017/03/17__16:24:02:078,638681011,2017/03/17__16:23:52,1149.42,6.0,sell,2017/03/17__16:23:52,null
2017/03/17__16:24:02:078,638681016,2017/03/17__16:23:53,1149.2,8.0,sell,2017/03/17__16:23:53,null
2017/03/17__16:24:04:502,638681072,2017/03/17__16:23:55,1149.99,136.0,buy,2017/03/17__16:23:55,null
2017/03/17__16:24:05:403,638681099,2017/03/17__16:23:56,1149.13,8.0,buy,2017/03/17__16:23:56,null
2017/03/17__16:24:08:716,638681160,2017/03/17__16:23:59,1149.12,44.0,buy,2017/03/17__16:23:59,null
2017/03/17__16:24:09:324,638681166,2017/03/17__16:24:00,1149.13,4.0,buy,2017/03/17__16:24:00,null
2017/03/17__16:24:10:232,638681178,2017/03/17__16:24:00,1148.99,34.0,buy,2017/03/17__16:24:00,null
2017/03/17__16:24:10:232,638681182,2017/03/17__16:24:01,1148.99,18.0,buy,2017/03/17__16:24:01,null
2017/03/17__16:24:13:259,638681244,2017/03/17__16:24:03,1148.99,6.0,buy,2017/03/17__16:24:03,null
2017/03/17__16:24:13:843,638681260,2017/03/17__16:24:04,1148.99,70.0,buy,2017/03/17__16:24:04,null
2017/03/17__16:24:14:753,638681279,2017/03/17__16:24:05,1148.99,78.0,buy,2017/03/17__16:24:05,null
2017/03/17__16:24:23:222,638681468,2017/03/17__16:24:13,1148.98,6.0,buy,2017/03/17__16:24:13,null
2017/03/17__16:24:23:222,638681472,2017/03/17__16:24:14,1148.98,56.0,buy,2017/03/17__16:24:14,null
2017/03/17__16:24:23:537,638681477,2017/03/17__16:24:14,1148.98,18.0,buy,2017/03/17__16:24:14,null
2017/03/17__16:24:28:347,638681577,2017/03/17__16:24:19,1148.65,18.0,sell,2017/03/17__16:24:19,null
2017/03/17__16:24:29:859,638681612,2017/03/17__16:24:20,1148.98,260.0,buy,2017/03/17__16:24:20,null
2017/03/17__16:24:31:073,638681638,2017/03/17__16:24:21,1148.98,6.0,buy,2017/03/17__16:24:21,null
2017/03/17__16:24:31:366,638681646,2017/03/17__16:24:22,1148.98,2.0,buy,2017/03/17__16:24:22,null
2017/03/17__16:24:31:707,638681659,2017/03/17__16:24:22,1148.98,176.0,buy,2017/03/17__16:24:22,null
2017/03/17__16:24:33:195,638681706,2017/03/17__16:24:24,1150.14,126.0,buy,2017/03/17__16:24:24,null
2017/03/17__16:24:35:610,638681762,2017/03/17__16:24:26,1148.98,942.0,sell,2017/03/17__16:24:26,null
2017/03/17__16:24:36:215,638681773,2017/03/17__16:24:26,1148.84,10.0,buy,2017/03/17__16:24:26,null
2017/03/17__16:24:37:720,638681815,2017/03/17__16:24:28,1149.0,192.0,sell,2017/03/17__16:24:28,null
2017/03/17__16:24:38:022,638681830,2017/03/17__16:24:29,1149.0,30.0,sell,2017/03/17__16:24:29,null
2017/03/17__16:24:41:037,638681882,2017/03/17__16:24:32,1148.69,70.0,buy,2017/03/17__16:24:32,null
2017/03/17__16:24:42:848,638681906,2017/03/17__16:24:33,1149.13,44.0,buy,2017/03/17__16:24:33,null
2017/03/17__16:24:44:354,638681940,2017/03/17__16:24:35,1148.91,28.0,buy,2017/03/17__16:24:35,null
2017/03/17__16:24:52:800,638682063,2017/03/17__16:24:43,1149.13,112.0,buy,2017/03/17__16:24:43,null
2017/03/17__16:24:53:126,638682075,2017/03/17__16:24:44,1149.13,18.0,buy,2017/03/17__16:24:44,null
2017/03/17__16:24:54:318,638682095,2017/03/17__16:24:45,1149.13,288.0,buy,2017/03/17__16:24:45,null
2017/03/17__16:24:57:038,638682140,2017/03/17__16:24:47,1148.91,1516.0,sell,2017/03/17__16:24:47,null
2017/03/17__16:24:57:336,638682149,2017/03/17__16:24:48,1149.13,22.0,buy,2017/03/17__16:24:48,null
2017/03/17__16:24:58:561,638682178,2017/03/17__16:24:49,1149.13,274.0,buy,2017/03/17__16:24:49,null
2017/03/17__16:24:59:765,638682206,2017/03/17__16:24:50,1148.91,30.0,sell,2017/03/17__16:24:50,null
2017/03/17__16:25:00:069,638682208,2017/03/17__16:24:50,1148.9,504.0,buy,2017/03/17__16:24:50,null
2017/03/17__16:25:03:987,638682289,2017/03/17__16:24:54,1148.69,134.0,sell,2017/03/17__16:24:54,null
2017/03/17__16:25:05:212,638682332,2017/03/17__16:24:56,1150.35,754.0,buy,2017/03/17__16:24:56,null
2017/03/17__16:25:07:019,638682363,2017/03/17__16:24:57,1149.41,42.0,buy,2017/03/17__16:24:57,null
2017/03/17__16:25:07:335,638682372,2017/03/17__16:24:57,1148.9,100.0,sell,2017/03/17__16:24:57,null
2017/03/17__16:25:09:140,638682431,2017/03/17__16:25:00,1148.9,20.0,sell,2017/03/17__16:25:00,null
2017/03/17__16:25:10:928,638682471,2017/03/17__16:25:01,1150.3,6.0,buy,2017/03/17__16:25:01,null
2017/03/17__16:25:12:143,638682501,2017/03/17__16:25:02,1150.33,30.0,buy,2017/03/17__16:25:02,null
2017/03/17__16:25:19:691,638682674,2017/03/17__16:25:10,1149.98,46.0,buy,2017/03/17__16:25:10,null
2017/03/17__16:25:22:705,638682745,2017/03/17__16:25:13,1148.95,100.0,sell,2017/03/17__16:25:13,null
2017/03/17__16:25:24:205,638682780,2017/03/17__16:25:15,1148.8,140.0,buy,2017/03/17__16:25:15,null
2017/03/17__16:25:26:919,638682838,2017/03/17__16:25:17,1148.8,22.0,buy,2017/03/17__16:25:17,null
2017/03/17__16:25:27:523,638682863,2017/03/17__16:25:18,1148.7,248.0,sell,2017/03/17__16:25:18,null
2017/03/17__16:25:27:827,638682867,2017/03/17__16:25:18,1148.69,112.0,sell,2017/03/17__16:25:18,null
2017/03/17__16:25:28:135,638682876,2017/03/17__16:25:18,1149.84,2.0,buy,2017/03/17__16:25:18,null
